<html lang="ko-KR"><head><meta charset="utf-8"><meta name="viewport" content="width=device-width, initial-scale=1"><meta name="viewport" content="width=device-width, initial-scale=1.0, maximum-scale=1.0, user-scalable=0"><link rel="stylesheet" href="https://front.coupangcdn.com/front-web-next/_next/static/css/2466ac1b7643523a.css" crossorigin="anonymous" data-precedence="next"><link rel="stylesheet" href="https://front.coupangcdn.com/front-web-next/_next/static/css/92430d4ae9a9d605.css" crossorigin="anonymous" data-precedence="next"><link rel="stylesheet" href="https://front.coupangcdn.com/front-web-next/_next/static/css/7b6ca234eb123eeb.css" crossorigin="anonymous" data-precedence="next"><link rel="stylesheet" href="https://front.coupangcdn.com/front-web-next/_next/static/css/17b6f855bd8d90c8.css" crossorigin="anonymous" data-precedence="next"><link rel="stylesheet" href="https://front.coupangcdn.com/front-web-next/_next/static/css/c78d9907aeec2bbb.css" crossorigin="anonymous" data-precedence="next"><link rel="stylesheet" href="https://front.coupangcdn.com/front-web-next/_next/static/css/753fd7a723bb9ca8.css" crossorigin="anonymous" data-precedence="next"><link rel="stylesheet" href="https://front.coupangcdn.com/front-web-next/_next/static/css/4866c133497f94ef.css" crossorigin="anonymous" data-precedence="next"><link rel="stylesheet" href="https://front.coupangcdn.com/front-web-next/_next/static/css/9a7571a0f4651006.css" crossorigin="anonymous" data-precedence="next"><link rel="stylesheet" href="https://front.coupangcdn.com/front-web-next/_next/static/css/d495ef3b53c66f00.css" crossorigin="anonymous" data-precedence="next"><link rel="stylesheet" href="https://front.coupangcdn.com/front-web-next/_next/static/css/23cafd9539eb2739.css" crossorigin="anonymous" data-precedence="next"><link rel="stylesheet" href="https://front.coupangcdn.com/front-web-next/_next/static/css/2cfcdc254e2e12a7.css" crossorigin="anonymous" data-precedence="next"><link rel="stylesheet" href="https://front.coupangcdn.com/front-web-next/_next/static/css/bbe52ccec0951673.css" crossorigin="anonymous" data-precedence="next"><link rel="stylesheet" href="https://front.coupangcdn.com/front-web-next/_next/static/css/51fbaadd4cafeba5.css" crossorigin="anonymous" data-precedence="next"><link rel="stylesheet" href="https://front.coupangcdn.com/front-web-next/_next/static/css/47a4d112ef89c24a.css" crossorigin="anonymous" data-precedence="next"><link rel="stylesheet" href="https://front.coupangcdn.com/front-web-next/_next/static/css/2ab7a7e694b4d099.css" crossorigin="anonymous" data-precedence="next"><link rel="stylesheet" href="https://front.coupangcdn.com/front-web-next/_next/static/css/516ba02212076515.css" crossorigin="anonymous" data-precedence="next"><link rel="preload" as="script" fetchpriority="low" href="https://front.coupangcdn.com/front-web-next/_next/static/chunks/webpack-9f7886cd8b601bf9.js" crossorigin=""><script src="https://front.coupangcdn.com/front-web-next/_next/static/chunks/10a6a20f-cf6916bdb0d80d31.js" async="" crossorigin=""></script><script src="https://front.coupangcdn.com/front-web-next/_next/static/chunks/2230-d7b07692cdeb3f6b.js" async="" crossorigin=""></script><script src="https://front.coupangcdn.com/front-web-next/_next/static/chunks/main-app-1bc4cb0db19ae7f5.js" async="" crossorigin=""></script><script src="https://front.coupangcdn.com/front-web-next/_next/static/chunks/app/global-error-0ffc7c0629879365.js" async="" crossorigin=""></script><script src="https://front.coupangcdn.com/front-web-next/_next/static/chunks/app/not-found-4b2334d4a6596d1a.js" async="" crossorigin=""></script><script src="https://front.coupangcdn.com/front-web-next/_next/static/chunks/6433-2b3c1896c9922a6c.js" async="" crossorigin=""></script><script src="https://front.coupangcdn.com/front-web-next/_next/static/chunks/4489-68b5cdfa7740d8d5.js" async="" crossorigin=""></script><script src="https://front.coupangcdn.com/front-web-next/_next/static/chunks/433-7eb6db1c4ef3a8d0.js" async="" crossorigin=""></script><script src="https://front.coupangcdn.com/front-web-next/_next/static/chunks/175-86b0232924e66eea.js" async="" crossorigin=""></script><script src="https://front.coupangcdn.com/front-web-next/_next/static/chunks/409ba913-2104ccd804fa0099.js" async="" crossorigin=""></script><script src="https://front.coupangcdn.com/front-web-next/_next/static/chunks/9894-e27a5a67c7595a74.js" async="" crossorigin=""></script><script src="https://front.coupangcdn.com/front-web-next/_next/static/chunks/1150-57808d2932bc78f0.js" async="" crossorigin=""></script><meta name="format-detection" content="telephone=no, date=no, email=no, address=no"><link rel="shortcut icon" href="https://image7.coupangcdn.com/image/coupang/favicon/favicon.ico" type="image/x-icon"><link rel="apple-touch-icon" href="https://image10.coupangcdn.com/image/mobile/v3/web_favicon.png"><meta http-equiv="x-dns-prefetch-control" content="on"><link rel="dns-prefetch" href="//assets.coupang.com"><link rel="dns-prefetch" href="//assets2.coupang.com"><link rel="dns-prefetch" href="//assets.coupangcdn.com"><link rel="dns-prefetch" href="//asset1.coupangcdn.com"><link rel="dns-prefetch" href="//private.coupang.com"><link rel="dns-prefetch" href="//img1a.coupangcdn.com"><link rel="dns-prefetch" href="//image1.coupangcdn.com"><link rel="dns-prefetch" href="//thumbnail1.coupangcdn.com"><link rel="dns-prefetch" href="//static.coupangcdn.com"><link rel="dns-prefetch" href="//www.facebook.com"><link rel="dns-prefetch" href="//www.google.com"><link rel="dns-prefetch" href="//www.google.co.kr"><link rel="dns-prefetch" href="//stats.g.doubleclick.net"><link rel="dns-prefetch" href="//connect.facebook.net"><title>쿠팡이 추천하는 유산균 관련 혜택과 특가</title><meta name="description" content="쿠팡이 추천하는 유산균 특가를 만나보세요. 로켓 와우회원은 다양한 할인과 무료 배송 및 반품 혜택도 누릴 수 있어요."><meta property="og:title" content="쿠팡이 추천하는 유산균 관련 혜택과 특가"><meta property="og:description" content="쿠팡이 추천하는 유산균 특가를 만나보세요. 로켓 와우회원은 다양한 할인과 무료 배송 및 반품 혜택도 누릴 수 있어요."><meta property="og:image" content="https://image10.coupangcdn.com/image/mobile/v3/img_fb_like.png"><meta property="og:type" content="website"><meta property="og:site_name" content="쿠팡"><meta property="og:locale" content="ko_KR"><meta property="og:url" content="https://www.coupang.com/np/search?q=유산균"><link rel="canonical" href="https://www.coupang.com/np/search?q=유산균"><script>
          window['__web_adapter_queue__']=[];
          window['__weblog_args__']={"pageName":"srp","domain":"srp"};
          window['__jslog_args__']={"applicationId":"srp","instanceId":"prod-green-6d94576c7d-j47wq"};
        </script><script src="https://front.coupangcdn.com/front-web-next/_next/static/chunks/polyfills-42372ed130431b0a.js" crossorigin="anonymous" nomodule=""></script></head><body class="fw-overflow-x-hidden fw-font-apple-gothic" data-domain="SRP"><div hidden=""><!--$--><!--/$--></div><div class="coupang-top-banner fw-hidden s600:fw-block"><div id="coupang-banner"><span class="banner-bg"><div class="banner-middle fw-justify-normal fw-pr-[50px] s1100:!fw-justify-center s1100:!fw-pr-[0px]"><a href="/np/campaigns/82?adType=DA&amp;eventId=46POvDJmJqrR6VLC" class="impression-logged view-logged"><img src="https://static.coupangcdn.com/ea/cmg_paperboy/image/1646271114206/C0-Left_basic.jpg" alt="" loading="lazy"></a><a href="https://shop.coupang.com/A00012321/235872?source=brandstore_display_ads&amp;adType=DA&amp;eventId=7Yve7rJH3blMECpO" class="impression-logged view-logged"><img src="https://static.coupangcdn.com/va/cmg_paperboy/image/1763015970763/C0_.jpg" alt="" loading="lazy"></a></div></span><a role="button" aria-label="Close" class="close max-s768:!fw-top-[10px]">X</a></div></div><div id="wa-config" data-currency="__원" data-arrow-left="https://front.coupangcdn.com/front-web-next/_next/static/media/arrow_left.128503b7.png" data-t="{&quot;94b7db&quot;:&quot;닫기&quot;,&quot;ff1379&quot;:&quot;삭제가 안됐나요? 다시 한번 해보세요.&quot;,&quot;52624c&quot;:&quot;최근본 상품이&quot;,&quot;7779d6&quot;:&quot;없습니다.&quot;,&quot;2d47c8&quot;:&quot;다시 시도해 주세요.&quot;,&quot;back&quot;:&quot;뒤로가기&quot;,&quot;4b8d54&quot;:&quot;검색&quot;,&quot;990d4f&quot;:&quot;마이크&quot;,&quot;2bdfeb&quot;:&quot;최근검색어켜기&quot;,&quot;c8917d&quot;:&quot;최근검색어끄기&quot;,&quot;fd74f0&quot;:&quot;검색어&quot;,&quot;8124e8&quot;:&quot;최근&quot;,&quot;fc81e2&quot;:&quot;삭제&quot;,&quot;f3dc4f&quot;:&quot;최근 검색어 저장 기능이 꺼져 있습니다.&quot;,&quot;4bcb41&quot;:&quot;여행/티켓&quot;,&quot;0037c7&quot;:&quot;테마관&quot;,&quot;6e50be&quot;:&quot;더보기&quot;,&quot;a4b69f&quot;:&quot;전체&quot;}" data-search-uri="/np/search" data-web-domain="https://www.coupang.com" data-apply-app-redirection="1"></div><div id="wa-header" style="z-index:9960" class="fw-font-apple-gothic fw-sticky fw-top-0 fw-bg-white s600:fw-static"><div class="fw-bg-[#f0f0f0] " id="wa-top-bar"><div style="max-width:1300px" class="fw-m-auto fw-w-full fw-text-[11px]"><menu class="fw-relative fw-float-right *:fw-float-right *:fw-h-[33px] *:fw-pr-[12px] *:fw-pt-[10px]"><li class="fw-hidden s600:fw-block"><a href="https://wing.coupang.com/tenants/vendor-signup/signup?utm_source=button_pc_coupang_app_category_3&amp;utm_medium=non_paid&amp;utm_id=onsite_ca&amp;utm_content=20240328">판매자 가입</a></li><li class="cs-center fw-group fw-relative"><a href="https://mc.coupang.com/ssr/desktop/contact/faq" data-log="{ id: 'customer_center'}">고객센터</a><p class="fw-hidden group-hover:fw-block" style="z-index:9999"><a href="https://mc.coupang.com/ssr/desktop/contact/faq" data-log="{ id:'customer_center_1' }">자주묻는 질문</a><a href="https://mc.coupang.com/ssr/desktop/contact/inquiry" data-log="{ id:'customer_center_3' }">1:1 채팅문의</a><a href="https://mc.coupang.com/ssr/desktop/contact/voc" data-log="{ id:'customer_center_2' }">고객의 소리</a><a href="https://www.coupang.com/returnPolicy.pang" data-log="{ id:'customer_center_4' }">취소 / 반품 안내</a></p></li><li><a href="https://login.coupang.com/login/memberJoinFrm.pang" title="회원가입">회원가입</a></li><li><a href="https://login.coupang.com/login/login.pang?rtnUrl=https%3A%2F%2Fwww.coupang.com%2Fnp%2Fpost%2Flogin%3Fr%3Dhttp%253A%252F%252Fwww.coupang.com%252Fnp%252Fsearch%253Fq%253D%2525EC%25259C%2525A0%2525EC%252582%2525B0%2525EA%2525B7%2525A0%2526page%253D1%2526sorter%253DsaleCountDesc" title="로그인">로그인</a></li></menu><menu id="subscribeHeader" class="fw-hidden s600:fw-block"><li class="new-header"><a id="wa-bookmark" data-msg="Command+D 키를 누르면 즐겨찾기에 추가하실 수 있습니다." class="bookmark" data-log="{ id: &quot;add_to_favorites&quot; }">즐겨찾기</a></li><li class="vendor-join"><a class="dropdown_menu_flag">입점신청<i class="ic"></i></a><p class="vendor-join-menu fw-hidden" style="z-index:9999"><a href="https://marketplace.coupangcorp.com/s/?utm_source=button_pc&amp;utm_medium=non_paid&amp;utm_campaign=onsite_ca&amp;utm_id=coupang_app" data-log="{ id:'seller_page' }" target="_blank">오픈마켓</a><a href="https://with.coupang.com/contract/initialize" data-log="{ id:'travel_seller_page' }" target="_blank">여행·티켓</a><a href="https://supplier.coupang.com/welcome/join" data-log="{ id:'rocket_seller_page' }" target="_blank">로켓배송</a><a href="https://partners.coupang.com" data-log="{ id:'affiliate_marketing_page' }" target="_blank">제휴마케팅</a><a href="https://sell.coupang.com?utm_source=web_button_pc_rg&amp;utm_medium=referral&amp;utm_campaign=onsite_lead&amp;utm_id=coupang_web?inflow=WEB_HEADER_B" data-log="{ id:'rocketGrowth' }" target="_blank">로켓그로스</a></p></li></menu><div class="fw-invisible fw-clear-both fw-h-[0px]">.</div></div></div><div><select id="wa-category-select" name="component" class="searchCategories search_category_filter fw-hidden"><option value="" data-text="전체">전체</option></select><div style="max-width:1300px" class="fw-mx-auto fw-flex fw-w-full fw-items-center fw-pr-[5px] max-s1024:rlux:fw-bg-[#131516]"><div id="wa-category" class="fw-relative fw-flex fw-h-[48px] fw-w-[48px] fw-cursor-pointer fw-flex-col fw-items-center fw-justify-center fw-bg-[#346aff] rlux:fw-bg-[#131516] s1024:fw-h-[119px] s1024:fw-w-[110px]"><div class="fw-flex fw-h-[24px] fw-w-[24px] fw-flex-col fw-items-center fw-justify-around s1024:fw-h-[28px] s1024:fw-w-[28px]"><div class="fw-h-[1px] fw-w-full fw-bg-white s1024:fw-h-[4px]"></div><div class="fw-h-[1px] fw-w-full fw-bg-white s1024:fw-h-[4px]"></div><div class="fw-h-[1px] fw-w-full fw-bg-white s1024:fw-h-[4px]"></div></div><div class="fw-mt-[15px] fw-hidden fw-text-center fw-text-[13px] fw-font-normal fw-leading-none fw-text-white s1024:fw-block">카테고리</div><div class="category-layer" id="wa-pc-category" data-icons="https://front.coupangcdn.com/front-web-next/_next/static/media/icons.03b3790b.png" style="z-index:9999"><div class="fw-hidden">쇼핑</div><ul class="menu shopping-menu-list fd"></ul><div class="fw-hidden">티켓</div><ul class="menu ticket-menu-list fd"></ul><div class="fw-hidden">테마관</div><ul class="menu theme-menu-list menu-divider fd fw-hidden"></ul><ul class="menu ingress-menu-list fd"><li class="ingress-point"><a href="https://wing.coupang.com/tenants/vendor-signup/signup?utm_source=button_pc_coupang_app_category_3&amp;utm_medium=non_paid&amp;utm_id=onsite_ca&amp;utm_content=20240328" data-el="seller_signup" data-text="입점/판매 신청" style="background-image: url(&quot;https://front.coupangcdn.com/front-web-next/_next/static/media/icons.03b3790b.png&quot;);">입점/판매 신청</a></li></ul><div class="loader-wrapper"><span class="loader"></span></div></div><div class="fw-absolute fw-left-0 fw-top-[114px] fw-z-10 fw-hidden fw-w-[220px] fw-overflow-auto fw-bg-white fw-shadow-md" id="wa-mobile-category" style="z-index:9999"><div id="wa-mobile-category-language"></div><div id="wa-category-list-wrap"></div><div id="wa-mobile-category-app-links"></div><div class="loader-wrapper"><span class="loader"></span></div></div></div><div class="fw-flex fw-flex-1 fw-flex-col max-s1024:fw-h-[48px]"><div class="fw-ml-[16px] fw-flex fw-items-center fw-justify-between max-s1024:fw-h-[48px] s1024:fw-ml-[30px] s1024:fw-mt-[20px]"><a href="https://www.coupang.com" class="fw-mr-[25px] fw-inline-block fw-flex-none"><img loading="lazy" class="fw-h-[23px] fw-w-[101px] s1024:fw-h-[36px] s1024:fw-w-[154px]" src="//image7.coupangcdn.com/image/coupang/common/logo_coupang_w350.png" alt="Coupang"></a><form id="wa-search-form" class="product-search search-form fw-flex fw-flex-1 fw-items-center fw-border-0 fw-hidden s1024:fw-flex fw-border-2 rlux:fw-border-bluegray-1000" action="/np/search"><select name="component" class="searchCategories search_category_filter fw-hidden" sb="35305522" style="display: none;"><option value="" data-text="전체">전체</option></select><div class="select--category fw-w-[90px] s500:fw-w-[135px]" id="sbHolder_35305522"><span class="select--category--button" id="sbToggle_35305522" href="#"></span><a class="select--category__current rlux:fw-text-bluegray-800" id="sbSelector_35305522" href="#">전체</a><ul id="sbOptions_35305522" class="select--category--option" style="display: none; z-index: 9970;"><li class="last"><a href="#" rel="" class="select--category--option__focused">전체</a></li>
          <div class="loader-wrapper">
            <span class="loader"></span>
          </div>
        </ul></div><div class="header-searchForm fw-relative fw-flex-1"><input type="text" maxlength="49" placeholder="찾고 싶은 상품을 검색해보세요!" class="headerSearchKeyword coupang-search fw-h-full fw-w-full fw-bg-white fw-indent-[10px] fw-text-[14px] fw-outline-none rlux:fw-text-bluegray-1000 rlux:placeholder:fw-text-bluegray-800 is-speech" title="쿠팡 상품 검색" autocomplete="off" name="q" value="유산균"><input type="hidden" name="traceId"><div class="headerPopupWords popularity-words" style="z-index:9999"><div class="autocomplete_wrap"></div><div class="history-btns"><span class="delete-all-kwdhistory del-button">전체삭제</span><span class="history-on-off on">최근검색어끄기</span></div></div></div><a class="speech-mic fw-mr-[12px] fw-hidden fw-flex-none fw-cursor-pointer" style="display: inline-block;"></a><button type="submit" class="headerSearchBtn fw-mr-[12px] fw-inline-block fw-flex-none" title="검색"><img loading="lazy" alt="" width="20" height="21" src="https://front.coupangcdn.com/front-web-next/_next/static/media/search.85cd3dbf.png"></button><input type="hidden" name="channel" value="user"></form><ul class="icon-menus fw-flex"><li class="my-coupang fw-group fw-relative fw-mx-[24px] fw-flex fw-items-center"><a id="wa-mycoupang-link" href="https://mc.coupang.com/ssr/desktop/order/list" data-log="{ id: 'mycoupang'}"><img loading="lazy" alt="" class="fw-h-[36px] fw-w-[36px] s1024:fw-h-[44px] s1024:fw-w-[44px]" src="https://front.coupangcdn.com/front-web-next/_next/static/media/person.07e45e52.png"><div class="fw-hidden fw-text-center s1024:fw-block">마이쿠팡</div></a><p class="my-coupang-menu fw-top-[29px] fw-hidden group-hover:fw-block s1024:fw-top-[52px]" style="z-index:9999"><span class="wrapper"><i class="arrow"></i><a href="https://mc.coupang.com/ssr/desktop/order/list" data-log="{ id: 'mycoupang_1'}">주문목록</a><a href="https://mc.coupang.com/ssr/desktop/cancel-return-exchange/list" data-log="{ id: 'mycoupang_2'}">취소/반품</a><a href="//wish-web.coupang.com/wishInitView.pang" data-log="{ id: 'mycoupang_4'}">찜 리스트</a></span></p></li><li class="cart w-mr-0 fw-relative fw-flex s1024:fw-mr-[10px]" id="wa-cart-menu"><a id="wa-cart-link" href="//cart.coupang.com/cartView.pang" data-log="{ id: 'cart' }"><img loading="lazy" src="https://front.coupangcdn.com/front-web-next/_next/static/media/cart.ccef8f9e.png" class="fw-h-[36px] fw-w-[36px] s1024:fw-h-[44px] s1024:fw-w-[44px]" alt=""><em id="headerCartCount" class="fw-right-[-4px] fw-top-[-4px]">0</em><div class="fw-hidden fw-text-center s1024:fw-block">장바구니</div></a><div class="fw-top-[29px] fw-hidden s1024:fw-top-[52px]" style="z-index:9999" id="wa-cart-preview"><span class="wrapper"><i class="arrow"></i><div id="wa-cart-content"><div class="loader-wrapper"><span class="loader"></span></div></div><div id="wa-cart-empty"><ul><li class="empty-cart">장바구니에 담긴 상품이 없습니다.</li></ul></div><a href="//cart.coupang.com/cartView.pang" id="wa-cart-btn"><span><span>장바구니 전체보기</span><i class="blue-arrow"></i></span></a></span></div></li></ul></div><div class="fw-mt-[8px] fw-hidden fw-items-center fw-justify-between s1024:fw-flex"><div id="quick-category-pc" class=" gnb-menu-container fw-hidden fw-pl-[20px] s600:fw-block" style="padding-left: 32px; padding-right: 32px;"><a class="gnb-menu-btn gnb-menu-btn-left" tabindex="0" style="display: flex;"><span></span></a><div class="fw-w-0"><ul class="gnb-menu-scroll gnb-menu-animation" style="width: 1121px; left: 0px;"><li class="gnb-menu-item"><a href="https://www.coupangplay.com/catalog" class="" data-log="{ id:'gnb_menu_item_GNB_V2', param:{sectionId:'coupangplay'} }" target="_blank"><img loading="lazy" class="gnb-menu-item__icon" alt="쿠팡플레이" src="https://image.coupangcdn.com/image/coupang/home/icons/web/kr/coupang-play.png"><span>쿠팡플레이</span></a></li><li class="gnb-menu-item"><a href="https://www.coupang.com/np/campaigns/82" class="" data-log="{ id:'gnb_menu_item_GNB_V2', param:{sectionId:'rocketdelivery'} }"><img loading="lazy" class="gnb-menu-item__icon" alt="로켓배송" src="https://image.coupangcdn.com/image/coupang/home/icons/web/kr/rocket-delivery.png"><span>로켓배송</span></a></li><li class="gnb-menu-item"><a href="https://www.coupang.com/np/categories/393760" class="" data-log="{ id:'gnb_menu_item_GNB_V2', param:{sectionId:'rocketfresh'} }"><img loading="lazy" class="gnb-menu-item__icon" alt="로켓프레시" src="https://image.coupangcdn.com/image/coupang/home/icons/web/kr/rocket-fresh.png"><span>로켓프레시</span></a></li><li class="gnb-menu-item"><a href="https://www.coupang.com/np/fbi?sourceType=home_section_fbi" class="" data-log="{ id:'gnb_menu_item_GNB_V2', param:{sectionId:'frequent_buy_item'} }"><img loading="lazy" class="gnb-menu-item__icon" alt="다시 구매" src="https://image.coupangcdn.com/image/coupang/common/fbi_icon_3x.png"><span>다시 구매</span><i class="in in-exposure" data-new-tag-exposure-mills="2592000000"></i></a></li><li class="gnb-menu-item"><a href="https://login.coupang.com/corporation/member/landing-page" class="" data-log="{ id:'gnb_menu_item_GNB_V2', param:{sectionId:'businessmall_landing'} }"><img loading="lazy" class="gnb-menu-item__icon" alt="쿠팡비즈" src="https://image.coupangcdn.com/image/coupang/home/icons/web/kr/biz.png"><span>쿠팡비즈</span></a></li><li class="gnb-menu-item"><a href="https://www.coupang.com/np/coupangglobal" class="" data-log="{ id:'gnb_menu_item_GNB_V2', param:{sectionId:'coupangglobal'} }"><img loading="lazy" class="gnb-menu-item__icon" alt="로켓직구" src="https://image.coupangcdn.com/image/coupang/home/icons/web/kr/oversea-delivery.png"><span>로켓직구</span></a></li><li class="gnb-menu-item"><a href="https://pages.coupang.com/p/121237?sourceType=gm_crm_goldbox&amp;subSourceType=gm_crm_gwsrtcut" class="" data-log="{ id:'gnb_menu_item_GNB_V2', param:{sectionId:'gold_box'} }"><img loading="lazy" class="gnb-menu-item__icon" alt="골드박스" src="https://image.coupangcdn.com/image/coupang/home/icons/web/kr/gold-box.png"><span>골드박스</span></a></li><li class="gnb-menu-item"><a href="https://pages.coupang.com/p/136938" class="" data-log="{ id:'gnb_menu_item_GNB_V2', param:{sectionId:'NEW_ITEM'} }"><img loading="lazy" class="gnb-menu-item__icon" alt="이달의신상" src="https://image.coupangcdn.com/image/coupang/home/icons/web/kr/new-item-of-month.png"><span>이달의신상</span></a></li><li class="gnb-menu-item"><a href="https://www.coupang.com/np/omp" class="" data-log="{ id:'gnb_menu_item_GNB_V2', param:{sectionId:'OMP'} }"><img loading="lazy" class="gnb-menu-item__icon" alt="판매자특가" src="https://image.coupangcdn.com/image/coupang/home/icons/web/kr/omp.png"><span>판매자특가</span></a></li><li class="gnb-menu-item"><a href="https://www.coupang.com/np/campaigns/83" class="" data-log="{ id:'gnb_menu_item_GNB_V2', param:{sectionId:'subscription'} }"><img loading="lazy" class="gnb-menu-item__icon" alt="와우회원할인" src="https://image.coupangcdn.com/image/coupang/home/icons/web/kr/wow.png"><span>와우회원할인</span></a></li><li class="gnb-menu-item"><a href="https://www.coupang.com/np/coupangbenefit" class="" data-log="{ id:'gnb_menu_item_GNB_V2', param:{sectionId:'coupangbenefit'} }"><img loading="lazy" class="gnb-menu-item__icon" alt="이벤트/쿠폰" src="https://image.coupangcdn.com/image/coupang/home/icons/web/kr/benefit.png"><span>이벤트/쿠폰</span></a></li><li class="gnb-menu-item"><a href="https://pages.coupang.com/p/54908" class="" data-log="{ id:'gnb_menu_item_GNB_V2', param:{sectionId:'WAREHOUSE'} }"><img loading="lazy" class="gnb-menu-item__icon" alt="반품마켓" src="https://image.coupangcdn.com/image/coupang/home/icons/web/kr/returned-market.png"><span>반품마켓</span></a></li><li class="gnb-menu-item"><a href="https://pages.coupang.com/p/63240" class="" data-log="{ id:'gnb_menu_item_GNB_V2', param:{sectionId:'GOOD_MARKET'} }"><img loading="lazy" class="gnb-menu-item__icon" alt="착한상점" src="https://image.coupangcdn.com/image/coupang/home/icons/web/kr/sustainable-market.png"><span>착한상점</span><i class="in " data-new-tag-exposure-mills="0"></i></a></li><li class="gnb-menu-item"><a href="https://pages.coupang.com/p/bep?sourceType=gm_crm_oms&amp;subSourceType=gm_crm_gwsrtcut" class="" data-log="{ id:'gnb_menu_item_GNB_V2', param:{sectionId:'exhibition'} }"><img loading="lazy" class="gnb-menu-item__icon" alt="기획전" src="https://image.coupangcdn.com/image/coupang/home/icons/web/kr/event.png"><span>기획전</span></a></li><li class="gnb-menu-item"><a href="https://trip.coupang.com/?channel=gnb" class="" data-log="{ id:'gnb_menu_item_GNB_V2', param:{sectionId:'TRAVEL'} }"><img loading="lazy" class="gnb-menu-item__icon" alt="쿠팡트래블" src="https://image.coupangcdn.com/image/coupang/home/icons/web/kr/travel.png"><span>쿠팡트래블</span><i class="in " data-new-tag-exposure-mills="0"></i></a></li><li class="gnb-menu-item"><a href="https://wing.coupang.com/tenants/vendor-signup/signup?utm_source=button_pc_coupang_shortcut_1&amp;utm_medium=non_paid&amp;utm_id=onsite_ca&amp;utm_content=202411" class="" data-log="{ id:'gnb_menu_item_GNB_V2', param:{sectionId:'SELL_ON_COUPANG'} }"><img loading="lazy" class="gnb-menu-item__icon" alt="입점신청" src="https://image.coupangcdn.com/image/coupang/home/icons/web/kr/sell-on-coupang.png"><span>입점신청</span></a></li></ul></div><a class="gnb-menu-btn gnb-menu-btn-right gnb-menu-btn-active" tabindex="0" style="display: flex;"><span></span></a></div></div></div></div><div class="fw-block fw-border-b-[1px] fw-border-t-[1px] fw-border-[#C4CDD5] fw-p-[10px] s1024:fw-hidden"><form id="wa-search-form-tablet" class="product-search search-form fw-flex fw-flex-1 fw-items-center fw-border-0  fw-border-2 rlux:fw-border-bluegray-1000" action="/np/search"><div class="select--category fw-w-[90px] s500:fw-w-[135px]"><span class="select--category--button"></span><a class="select--category__current rlux:fw-text-bluegray-800" id="currentCategoryText">전체</a></div><div class="header-searchForm fw-relative fw-flex-1"><input type="text" maxlength="49" placeholder="찾고 싶은 상품을 검색해보세요!" class="headerSearchKeyword coupang-search fw-h-full fw-w-full fw-bg-white fw-indent-[10px] fw-text-[14px] fw-outline-none rlux:fw-text-bluegray-1000 rlux:placeholder:fw-text-bluegray-800" title="쿠팡 상품 검색" autocomplete="off" name="q" value="유산균"><input type="hidden" name="traceId"><div class="headerPopupWords popularity-words" style="z-index:9999"><div class="autocomplete_wrap"></div><div class="history-btns"><span class="delete-all-kwdhistory del-button">전체삭제</span><span class="history-on-off on">최근검색어끄기</span></div></div></div><a class="speech-mic fw-mr-[12px] fw-hidden fw-flex-none fw-cursor-pointer"></a><button type="submit" class="headerSearchBtn fw-mr-[12px] fw-inline-block fw-flex-none" title="검색"><img loading="lazy" alt="" width="20" height="21" src="https://front.coupangcdn.com/front-web-next/_next/static/media/search.85cd3dbf.png"></button><input type="hidden" name="channel" value="user"></form><div class="srp-related-keywords fw-block fw-overflow-auto fw-whitespace-nowrap fw-pl-[10px] fw-pt-[5px] s600:fw-hidden"><a title="여성유산균" href="https://www.coupang.com/np/search?q=%EC%97%AC%EC%84%B1%EC%9C%A0%EC%82%B0%EA%B7%A0&amp;channel=undefined">여성유산균</a><a title="bnr17유산균다이어트" href="https://www.coupang.com/np/search?q=bnr17%EC%9C%A0%EC%82%B0%EA%B7%A0%EB%8B%A4%EC%9D%B4%EC%96%B4%ED%8A%B8&amp;channel=undefined">bnr17유산균다이어트</a><a title="유산균" href="https://www.coupang.com/np/search?q=%EC%9C%A0%EC%82%B0%EA%B7%A0&amp;channel=undefined">유산균</a><a title="종근당유산균" href="https://www.coupang.com/np/search?q=%EC%A2%85%EA%B7%BC%EB%8B%B9%EC%9C%A0%EC%82%B0%EA%B7%A0&amp;channel=undefined">종근당유산균</a><a title="락토핏생유산균골드" href="https://www.coupang.com/np/search?q=%EB%9D%BD%ED%86%A0%ED%95%8F%EC%83%9D%EC%9C%A0%EC%82%B0%EA%B7%A0%EA%B3%A8%EB%93%9C&amp;channel=undefined">락토핏생유산균골드</a><a title="프로바이오틱스" href="https://www.coupang.com/np/search?q=%ED%94%84%EB%A1%9C%EB%B0%94%EC%9D%B4%EC%98%A4%ED%8B%B1%EC%8A%A4&amp;channel=undefined">프로바이오틱스</a><a title="락토핏" href="https://www.coupang.com/np/search?q=%EB%9D%BD%ED%86%A0%ED%95%8F&amp;channel=undefined">락토핏</a><a title="cj유산균" href="https://www.coupang.com/np/search?q=cj%EC%9C%A0%EC%82%B0%EA%B7%A0&amp;channel=undefined">cj유산균</a><a title="오메가3" href="https://www.coupang.com/np/search?q=%EC%98%A4%EB%A9%94%EA%B0%803&amp;channel=undefined">오메가3</a><a title="프리바이오틱스" href="https://www.coupang.com/np/search?q=%ED%94%84%EB%A6%AC%EB%B0%94%EC%9D%B4%EC%98%A4%ED%8B%B1%EC%8A%A4&amp;channel=undefined">프리바이오틱스</a></div></div><div class="fw-mt-[8px] fw-hidden fw-items-center fw-justify-between s768:fw-flex s1024:fw-hidden"><div id="quick-category-tablet" class=" gnb-menu-container fw-hidden fw-pl-[20px] s600:fw-block"><a class="gnb-menu-btn gnb-menu-btn-left" tabindex="0" style="display: flex;"><span></span></a><div class="fw-w-0"><ul class="gnb-menu-scroll"><li class="gnb-menu-item"><a href="https://www.coupangplay.com/catalog" class="" data-log="{ id:'gnb_menu_item_GNB_V2', param:{sectionId:'coupangplay'} }" target="_blank"><img loading="lazy" class="gnb-menu-item__icon" alt="쿠팡플레이" src="https://image.coupangcdn.com/image/coupang/home/icons/web/kr/coupang-play.png"><span>쿠팡플레이</span></a></li><li class="gnb-menu-item"><a href="https://www.coupang.com/np/campaigns/82" class="" data-log="{ id:'gnb_menu_item_GNB_V2', param:{sectionId:'rocketdelivery'} }"><img loading="lazy" class="gnb-menu-item__icon" alt="로켓배송" src="https://image.coupangcdn.com/image/coupang/home/icons/web/kr/rocket-delivery.png"><span>로켓배송</span></a></li><li class="gnb-menu-item"><a href="https://www.coupang.com/np/categories/393760" class="" data-log="{ id:'gnb_menu_item_GNB_V2', param:{sectionId:'rocketfresh'} }"><img loading="lazy" class="gnb-menu-item__icon" alt="로켓프레시" src="https://image.coupangcdn.com/image/coupang/home/icons/web/kr/rocket-fresh.png"><span>로켓프레시</span></a></li><li class="gnb-menu-item"><a href="https://www.coupang.com/np/fbi?sourceType=home_section_fbi" class="" data-log="{ id:'gnb_menu_item_GNB_V2', param:{sectionId:'frequent_buy_item'} }"><img loading="lazy" class="gnb-menu-item__icon" alt="다시 구매" src="https://image.coupangcdn.com/image/coupang/common/fbi_icon_3x.png"><span>다시 구매</span><i class="in in-exposure" data-new-tag-exposure-mills="2592000000"></i></a></li><li class="gnb-menu-item"><a href="https://login.coupang.com/corporation/member/landing-page" class="" data-log="{ id:'gnb_menu_item_GNB_V2', param:{sectionId:'businessmall_landing'} }"><img loading="lazy" class="gnb-menu-item__icon" alt="쿠팡비즈" src="https://image.coupangcdn.com/image/coupang/home/icons/web/kr/biz.png"><span>쿠팡비즈</span></a></li><li class="gnb-menu-item"><a href="https://www.coupang.com/np/coupangglobal" class="" data-log="{ id:'gnb_menu_item_GNB_V2', param:{sectionId:'coupangglobal'} }"><img loading="lazy" class="gnb-menu-item__icon" alt="로켓직구" src="https://image.coupangcdn.com/image/coupang/home/icons/web/kr/oversea-delivery.png"><span>로켓직구</span></a></li><li class="gnb-menu-item"><a href="https://pages.coupang.com/p/121237?sourceType=gm_crm_goldbox&amp;subSourceType=gm_crm_gwsrtcut" class="" data-log="{ id:'gnb_menu_item_GNB_V2', param:{sectionId:'gold_box'} }"><img loading="lazy" class="gnb-menu-item__icon" alt="골드박스" src="https://image.coupangcdn.com/image/coupang/home/icons/web/kr/gold-box.png"><span>골드박스</span></a></li><li class="gnb-menu-item"><a href="https://pages.coupang.com/p/136938" class="" data-log="{ id:'gnb_menu_item_GNB_V2', param:{sectionId:'NEW_ITEM'} }"><img loading="lazy" class="gnb-menu-item__icon" alt="이달의신상" src="https://image.coupangcdn.com/image/coupang/home/icons/web/kr/new-item-of-month.png"><span>이달의신상</span></a></li><li class="gnb-menu-item"><a href="https://www.coupang.com/np/omp" class="" data-log="{ id:'gnb_menu_item_GNB_V2', param:{sectionId:'OMP'} }"><img loading="lazy" class="gnb-menu-item__icon" alt="판매자특가" src="https://image.coupangcdn.com/image/coupang/home/icons/web/kr/omp.png"><span>판매자특가</span></a></li><li class="gnb-menu-item"><a href="https://www.coupang.com/np/campaigns/83" class="" data-log="{ id:'gnb_menu_item_GNB_V2', param:{sectionId:'subscription'} }"><img loading="lazy" class="gnb-menu-item__icon" alt="와우회원할인" src="https://image.coupangcdn.com/image/coupang/home/icons/web/kr/wow.png"><span>와우회원할인</span></a></li><li class="gnb-menu-item"><a href="https://www.coupang.com/np/coupangbenefit" class="" data-log="{ id:'gnb_menu_item_GNB_V2', param:{sectionId:'coupangbenefit'} }"><img loading="lazy" class="gnb-menu-item__icon" alt="이벤트/쿠폰" src="https://image.coupangcdn.com/image/coupang/home/icons/web/kr/benefit.png"><span>이벤트/쿠폰</span></a></li><li class="gnb-menu-item"><a href="https://pages.coupang.com/p/54908" class="" data-log="{ id:'gnb_menu_item_GNB_V2', param:{sectionId:'WAREHOUSE'} }"><img loading="lazy" class="gnb-menu-item__icon" alt="반품마켓" src="https://image.coupangcdn.com/image/coupang/home/icons/web/kr/returned-market.png"><span>반품마켓</span></a></li><li class="gnb-menu-item"><a href="https://pages.coupang.com/p/63240" class="" data-log="{ id:'gnb_menu_item_GNB_V2', param:{sectionId:'GOOD_MARKET'} }"><img loading="lazy" class="gnb-menu-item__icon" alt="착한상점" src="https://image.coupangcdn.com/image/coupang/home/icons/web/kr/sustainable-market.png"><span>착한상점</span><i class="in " data-new-tag-exposure-mills="0"></i></a></li><li class="gnb-menu-item"><a href="https://pages.coupang.com/p/bep?sourceType=gm_crm_oms&amp;subSourceType=gm_crm_gwsrtcut" class="" data-log="{ id:'gnb_menu_item_GNB_V2', param:{sectionId:'exhibition'} }"><img loading="lazy" class="gnb-menu-item__icon" alt="기획전" src="https://image.coupangcdn.com/image/coupang/home/icons/web/kr/event.png"><span>기획전</span></a></li><li class="gnb-menu-item"><a href="https://trip.coupang.com/?channel=gnb" class="" data-log="{ id:'gnb_menu_item_GNB_V2', param:{sectionId:'TRAVEL'} }"><img loading="lazy" class="gnb-menu-item__icon" alt="쿠팡트래블" src="https://image.coupangcdn.com/image/coupang/home/icons/web/kr/travel.png"><span>쿠팡트래블</span><i class="in " data-new-tag-exposure-mills="0"></i></a></li><li class="gnb-menu-item"><a href="https://wing.coupang.com/tenants/vendor-signup/signup?utm_source=button_pc_coupang_shortcut_1&amp;utm_medium=non_paid&amp;utm_id=onsite_ca&amp;utm_content=202411" class="" data-log="{ id:'gnb_menu_item_GNB_V2', param:{sectionId:'SELL_ON_COUPANG'} }"><img loading="lazy" class="gnb-menu-item__icon" alt="입점신청" src="https://image.coupangcdn.com/image/coupang/home/icons/web/kr/sell-on-coupang.png"><span>입점신청</span></a></li></ul></div><a class="gnb-menu-btn gnb-menu-btn-right gnb-menu-btn-active" tabindex="0" style="display: flex;"><span></span></a></div></div></div></div><div class="fw-relative"><article id="wa-sidebar" style="z-index:9900" class="fw-absolute fw-hidden srp-sidebar fw-top-[50px] s1024:fw-hidden s1300:fw-block"><div class="ads-line-banner-container"><div class="ads-line-banner-main"><div><a href="/vp/products/7257246284?itemId=18475867677&amp;vendorItemId=85615809107&amp;sourceType=srp_top_banner_ads&amp;clickEventId=752ec8d0-c5dd-11f0-a1d5-98b7952ed123&amp;korePlacement=19" class="ads-line-banner-link" data-widget-type="ADZERK_KEYWORD" data-vendor-item-id="85615809107" data-product-id="7257246284" data-item-id="18475867677" data-adsplatform="{&quot;clickLogUri&quot;:&quot;https://mercury.coupang.com/e.gif?r=752ec8d0-c5dd-11f0-a1d5-98b7952ed123%7E3&amp;korePlacement=19&quot;,&quot;impressionLogUri&quot;:&quot;https://mercury.coupang.com/e.gif?r=752ec8d0-c5dd-11f0-a1d5-98b7952ed123%7E1&amp;korePlacement=19&quot;,&quot;viewImpression&quot;:&quot;https://mercury.coupang.com/e.gif?r=752ec8d0-c5dd-11f0-a1d5-98b7952ed123%7E2&amp;korePlacement=19&quot;}" data-weblog="{&quot;sourceType&quot;: &quot;srp_top_banner&quot;}"><img src="https://mercury.coupang.com/e.gif?r=752ec8d0-c5dd-11f0-a1d5-98b7952ed123%7E1&amp;korePlacement=19" style="display: none;"><div class="ads-line-banner-product"><div class="image"><img loading="lazy" src="//thumbnail.coupangcdn.com/thumbnails/remote/292x292ex/image/vendor_inventory/57cf/3294899bc221169ce7183bcdff2e751945142cd64c2ae17ec263e82607f7.jpg" alt=""></div><div class="title">비오비타 패밀리 미니정제 유산균, 84정, 1개</div><div class="badge-wrap"><img loading="lazy" class="badge type-ROCKET" src="https://image.coupangcdn.com/image/coupang/rds/logo/xxxhdpi/logo_rocket_filter_medium.png" alt=""></div><div class="review-bg"><div class="review" style="width:100%"></div></div><div class="ads-badge"><span class="ads-badge-text">광고</span><span class="ads-badge-icon"></span></div></div><div class="ads-line-banner-button">더 알아보기</div></a></div></div></div><section id="wa-recent-view" data-fodium="//reco.coupang.com"><div class="side-cart"><a href="//cart.coupang.com/cartView.pang" data-log="{&quot;logCategory&quot;:&quot;event&quot;, &quot;logType&quot;:&quot;click&quot;, &quot;logLabel&quot;:&quot;cart&quot;,&quot;grp&quot;:&quot;sideBar&quot;}"><span class="fw-inline-block fw-text-[11px] fw-leading-[13px]">장바구니</span><em class="cart-count">0</em></a></div><div class="recently-viewed-products"><span class="fw-inline-block fw-text-[11px] fw-leading-[13px]">최근본상품</span><em class="total-element">0</em></div><div class="recently-viewed-list"><ul class="recently-viewed-page" style="display: block;"><li class="no-item">최근본 상품이<br>없습니다.</li></ul><p class="recent-viewed-paging" style="display: none;"><span class="counter"><strong class="pageNumber"></strong>/<em class="total-pages"></em></span><span class="recentlyViewedBtn"><a href="이전 페이지 보기" class="move prev">prev</a><a href="다음 페이지 보기" class="move next">next</a></span></p></div></section></article></div><div id="wa-goto-top" style="z-index: 9950; left: 1546px;" class="!fw-bottom-[85px] fixed"><button class="goto-top__button"><i class="goto-top__arrow"></i></button></div><div id="wa-banners"></div><div style="z-index: 9960; display: none;" class="fw-fixed fw-top-0 fw-hidden fw-w-full fw-py-[29px] "><div class="fw-absolute fw-bottom-0 fw-left-0 fw-right-0 fw-top-0 -fw-z-10 fw-bg-white fw-opacity-90"></div><div class="fw-flex fw-items-center "><a href="/"><img loading="lazy" class="fw-mr-[30px] fw-h-[41px] fw-w-[174px]" src="//image7.coupangcdn.com/image/coupang/common/logo_coupang_w350.png" alt="Coupang"></a><div class="fw-flex-1 fw-pr-[16px]"><form id="wa-sticky-search" class="product-search search-form fw-flex fw-flex-1 fw-items-center fw-border-0  fw-border-2 rlux:fw-border-bluegray-1000" action="/np/search"><select name="component" class="searchCategories search_category_filter fw-hidden" sb="12228392" style="display: none;"><option value="" data-text="전체">전체</option></select><div class="select--category fw-w-[90px] s500:fw-w-[135px]" id="sbHolder_12228392"><span class="select--category--button" id="sbToggle_12228392" href="#"></span><a class="select--category__current rlux:fw-text-bluegray-800" id="sbSelector_12228392" href="#">전체</a><ul id="sbOptions_12228392" class="select--category--option" style="display: none; z-index: 9970;"><li class="last"><a href="#" rel="" class="select--category--option__focused">전체</a></li>
          <div class="loader-wrapper">
            <span class="loader"></span>
          </div>
        </ul></div><div class="header-searchForm fw-relative fw-flex-1"><input type="text" maxlength="49" placeholder="찾고 싶은 상품을 검색해보세요!" class="headerSearchKeyword coupang-search fw-h-full fw-w-full fw-bg-white fw-indent-[10px] fw-text-[14px] fw-outline-none rlux:fw-text-bluegray-1000 rlux:placeholder:fw-text-bluegray-800 is-speech" title="쿠팡 상품 검색" autocomplete="off" name="q" value="유산균"><input type="hidden" name="traceId"><div class="headerPopupWords popularity-words" style="z-index:9999"><div class="autocomplete_wrap"></div><div class="history-btns"><span class="delete-all-kwdhistory del-button">전체삭제</span><span class="history-on-off on">최근검색어끄기</span></div></div></div><a class="speech-mic fw-mr-[12px] fw-hidden fw-flex-none fw-cursor-pointer" style="display: inline-block;"></a><button type="submit" class="headerSearchBtn fw-mr-[12px] fw-inline-block fw-flex-none" title="검색"><img loading="lazy" alt="" width="20" height="21" src="https://front.coupangcdn.com/front-web-next/_next/static/media/search.85cd3dbf.png"></button><input type="hidden" name="channel" value="user"></form><div class="srp-related-keywords fw-pl-[10px] fw-pt-[5px]"><a title="여성유산균" href="https://www.coupang.com/np/search?q=%EC%97%AC%EC%84%B1%EC%9C%A0%EC%82%B0%EA%B7%A0&amp;channel=undefined">여성유산균</a><a title="bnr17유산균다이어트" href="https://www.coupang.com/np/search?q=bnr17%EC%9C%A0%EC%82%B0%EA%B7%A0%EB%8B%A4%EC%9D%B4%EC%96%B4%ED%8A%B8&amp;channel=undefined">bnr17유산균다이어트</a><a title="유산균" href="https://www.coupang.com/np/search?q=%EC%9C%A0%EC%82%B0%EA%B7%A0&amp;channel=undefined">유산균</a><a title="종근당유산균" href="https://www.coupang.com/np/search?q=%EC%A2%85%EA%B7%BC%EB%8B%B9%EC%9C%A0%EC%82%B0%EA%B7%A0&amp;channel=undefined">종근당유산균</a><a title="락토핏생유산균골드" href="https://www.coupang.com/np/search?q=%EB%9D%BD%ED%86%A0%ED%95%8F%EC%83%9D%EC%9C%A0%EC%82%B0%EA%B7%A0%EA%B3%A8%EB%93%9C&amp;channel=undefined">락토핏생유산균골드</a><a title="프로바이오틱스" href="https://www.coupang.com/np/search?q=%ED%94%84%EB%A1%9C%EB%B0%94%EC%9D%B4%EC%98%A4%ED%8B%B1%EC%8A%A4&amp;channel=undefined">프로바이오틱스</a><a title="락토핏" href="https://www.coupang.com/np/search?q=%EB%9D%BD%ED%86%A0%ED%95%8F&amp;channel=undefined">락토핏</a><a title="cj유산균" href="https://www.coupang.com/np/search?q=cj%EC%9C%A0%EC%82%B0%EA%B7%A0&amp;channel=undefined">cj유산균</a><a title="오메가3" href="https://www.coupang.com/np/search?q=%EC%98%A4%EB%A9%94%EA%B0%803&amp;channel=undefined">오메가3</a><a title="프리바이오틱스" href="https://www.coupang.com/np/search?q=%ED%94%84%EB%A6%AC%EB%B0%94%EC%9D%B4%EC%98%A4%ED%8B%B1%EC%8A%A4&amp;channel=undefined">프리바이오틱스</a></div></div></div><div style="position:absolute;bottom:-10px;left:0;width:100%;height:10px;background-repeat:repeat-x;background-image:url(https://img1a.coupangcdn.com/image/coupang/search/sp_bookmark.png)"></div><div class="fw-ml-[615px] fw-cursor-pointer" style="position:absolute;bottom:-74px;left:50%;width:39px;height:74px;background-repeat:no-repeat;background-image:url(//img1a.coupangcdn.com/image/coupang/search/sp_floating_header_bookmark.png)"></div></div><section id="contents" class="fw-w-full max-[600px]:fw-overflow-hidden"><div class="srp_searchHeader__2JhUq"><div class="srp_searchHeaderContainer__RKd0Z"><div class="srp_breadcrumb__xzpUM"><ul><li><a href="/np/search?q=%EC%9C%A0%EC%82%B0%EA%B7%A0&amp;page=1&amp;sorter=saleCountDesc">전체</a><svg class="srp_arrowIcon__bNaNA" width="12" height="13" viewBox="0 0 12 13" fill="none" xmlns="http://www.w3.org/2000/svg"><path d="M3.8859 2.15732C4.0606 1.9717 4.34367 1.94925 4.54434 2.09575L4.59268 2.1359L8.84268 6.1359C9.03746 6.31922 9.05137 6.61975 8.88442 6.81982L8.84268 6.8641L4.59268 10.8641C4.3916 11.0534 4.07516 11.0438 3.8859 10.8427C3.7112 10.6571 3.70593 10.3732 3.86432 10.1817L3.90732 10.1359L7.77 6.50001L3.90732 2.8641C3.7217 2.6894 3.69925 2.40634 3.84575 2.20566L3.8859 2.15732Z" fill="#AAB5C0"></path></svg></li></ul><span><strong>'<!-- -->유산균<!-- -->'</strong></span></div><div class="srp_flexPlaceholder__gUkif"></div></div></div><div class="srp_pageContainer__CQGUY"><div class="fw-mx-auto fw-mb-[30px] fw-box-border fw-flex fw-w-full fw-max-w-[1300px] fw-gap-[20px] fw-bg-[#fff]"><div class="fw-relative fw-hidden fw-flex-col fw-flex-wrap fw-justify-between s600:fw-flex s600:fw-w-[200px]"><div class="srp_filter___eGun"><div class="fw-inline"><div class="filter-function-bar filter-function-bar-shadow"><div class="filter-function-bar-header"><h4>필터</h4></div><div class="fw-border-solid fw-border-[#efefef] fw-px-[10px] fw-pb-[8px] fw-border-b fw-pt-[10px]"><div class="filter-function-bar-list fold"><ul><li class="fw-list-none filter-function-bar-attribute filter-function-bar-service"><label data-component-name="deliveryFilterOption-rocket_luxury,rocket,coupang_global" class=""><i class="filter-function-bar-asset"></i><span class="service-filter"><img loading="lazy" src="https://image.coupangcdn.com/image/badges/falcon/v1/web/rocket-all@2x.png" alt="rocket_luxury,rocket,coupang_global"></span><span></span></label><div class="filter-function-bar-list fold all"><ul><li class="fw-list-none filter-function-bar-attribute filter-function-bar-service"><label data-component-name="deliveryFilterOption-rocket_luxury" class="disabled"><i class="filter-function-bar-asset"></i><span class="service-filter sub"><img loading="lazy" src="https://image.coupangcdn.com/image/coupang/rds/logo/iphone_2x/rds_logo_rlux_light_101719300269126@2x.png" alt="rocket_luxury" style="height:10px"></span><span>만 보기</span></label></li><li class="fw-list-none filter-function-bar-attribute filter-function-bar-service"><label data-component-name="deliveryFilterOption-rocket" class=""><i class="filter-function-bar-asset"></i><span class="service-filter sub"><img loading="lazy" src="https://image.coupangcdn.com/image/badges/falcon/v1/web/txt_rocket@2x.png" alt="rocket"></span><span>만 보기</span></label></li><li class="fw-list-none filter-function-bar-attribute filter-function-bar-service"><label data-component-name="deliveryFilterOption-coupang_global" class=""><i class="filter-function-bar-asset"></i><span class="service-filter sub"><img loading="lazy" src="https://image.coupangcdn.com/image/badges/falcon/v1/web/txt_jikgu@2x.png" alt="coupang_global"></span><span>만 보기</span></label></li></ul></div></li><li class="fw-list-none filter-function-bar-attribute filter-function-bar-service"><label data-component-name="deliveryFilterOption-top_brand" class="disabled"><i class="filter-function-bar-asset"></i><span class="service-filter"><img loading="lazy" src="https://image.coupangcdn.com/image/badges/top_brand/c-avenue.svg" alt="top_brand"></span><span></span></label></li><li class="fw-list-none filter-function-bar-attribute filter-function-bar-service"><label data-component-name="deliveryFilterOption-free" class=""><i class="filter-function-bar-asset"></i><span>무료배송</span><span></span></label></li></ul></div></div><div class="fw-border-solid fw-border-[#efefef] fw-px-[10px] fw-pb-[8px] fw-border-b"><h5 class="fw-font-bold fw-pt-[10px] fw-text-[16px]">카테고리</h5><div class="filter-function-bar-list folding fold"><ul><li class="fw-list-none filter-function-bar-category"><label class=""><a href="https://www.coupang.com">전체</a></label></li><li class="fw-list-none filter-function-bar-category"><label class=""><a href="https://www.coupang.com/np/categories/194276">식품</a></label></li><li class="fw-list-none filter-function-bar-category"><label class=""><a href="https://www.coupang.com/np/categories/305798">헬스/건강식품</a></label></li><li class="fw-list-none filter-function-bar-category"><label class=""><a href="https://www.coupang.com/np/coupangglobal">로켓직구</a></label></li><li class="fw-list-none filter-function-bar-category"><label class=""><a href="https://www.coupang.com/np/categories/510691">쿠팡수입</a></label></li><li class="fw-list-none filter-function-bar-category"><label class=""><a href="https://www.coupang.com/np/categories/221934">출산/유아동</a></label></li><li class="fw-list-none filter-function-bar-category"><label class=""><a href="https://www.coupang.com/np/categories/383370">실버스토어</a></label></li><li class="fw-list-none filter-function-bar-category"><label class=""><a href="https://www.coupang.com/np/campaigns/17593">미세먼지용품</a></label></li><li class="fw-list-none filter-function-bar-category"><label class=""><a href="https://www.coupang.com/np/categories/115674">반려동물용품</a></label></li><li class="fw-list-none filter-function-bar-category"><label class=""><a href="https://www.coupang.com/np/categories/433784">싱글라이프</a></label></li><li class="fw-list-none filter-function-bar-category"><label class=""><a href="https://www.coupang.com/np/categories/115673">생활용품</a></label></li><li class="fw-list-none filter-function-bar-category"><label class=""><a href="https://www.coupang.com/np/categories/176522">뷰티</a></label></li><li class="fw-list-none filter-function-bar-category"><label class=""><a href="https://www.coupang.com/np/campaigns/18530">R.LUX</a></label></li><li class="fw-list-none filter-function-bar-category"><label class=""><a href="https://www.coupang.com/np/categories/185669">주방용품</a></label></li><li class="fw-list-none filter-function-bar-category"><label class=""><a href="https://www.coupang.com/np/categories/316168">홈카페</a></label></li><li class="fw-list-none filter-function-bar-category"><label class=""><a href="https://www.coupang.com/np/categories/317778">스포츠/레저</a></label></li><li class="fw-list-none filter-function-bar-category"><label class=""><a href="https://www.coupang.com/np/categories/184555">홈인테리어</a></label></li><li class="fw-list-none filter-function-bar-category"><label class=""><a href="https://www.coupang.com/np/categories/178255">가전디지털</a></label></li><li class="fw-list-none filter-function-bar-category"><label class=""><a href="https://www.coupang.com/np/categories/416130">결혼준비</a></label></li><li class="fw-list-none filter-function-bar-category"><label class=""><a href="https://www.coupang.com/np/categories/317779">완구/취미</a></label></li><li class="fw-list-none filter-function-bar-category"><label class=""><a href="https://www.coupang.com/np/categories/317777">도서/음반/DVD</a></label></li><li class="fw-list-none filter-function-bar-category"><label class=""><a href="https://www.coupang.com/np/categories/177295">문구/오피스</a></label></li><li class="fw-list-none filter-function-bar-category"><label class=""><a href="https://www.coupang.com/np/categories/564653">패션의류/잡화</a></label></li><li class="fw-list-none filter-function-bar-category"><label class=""><a href="https://www.coupang.com/np/categories/184060">자동차용품</a></label></li><li class="fw-list-none filter-function-bar-category"><label class=""><a href="https://www.coupang.com/np/categories/410273">아트/공예</a></label></li></ul><div class="filter-function-bar-list-btn fw-cursor-pointer fw-text-[#0073e9]">+ 더보기</div></div></div><div class="fw-border-solid fw-border-[#efefef] fw-px-[10px] fw-pb-[8px] fw-border-b"><h5 class="fw-font-bold fw-pt-[10px] fw-text-[16px]">브랜드</h5><div class="filter-function-bar-list folding fold"><ul><li class="fw-list-none filter-function-bar-attribute"><label class=""><i class="filter-function-bar-asset"></i><span>락토핏</span></label></li><li class="fw-list-none filter-function-bar-attribute"><label class=""><i class="filter-function-bar-asset"></i><span>뉴트리디데이</span></label></li><li class="fw-list-none filter-function-bar-attribute"><label class=""><i class="filter-function-bar-asset"></i><span>바이오리브</span></label></li><li class="fw-list-none filter-function-bar-attribute"><label class=""><i class="filter-function-bar-asset"></i><span>비타할로</span></label></li><li class="fw-list-none filter-function-bar-attribute"><label class=""><i class="filter-function-bar-asset"></i><span>BYO</span></label></li><li class="fw-list-none filter-function-bar-attribute"><label class=""><i class="filter-function-bar-asset"></i><span>JW중외제약</span></label></li><li class="fw-list-none filter-function-bar-attribute"><label class=""><i class="filter-function-bar-asset"></i><span>비타민마을</span></label></li><li class="fw-list-none filter-function-bar-attribute"><label class=""><i class="filter-function-bar-asset"></i><span>덴프스</span></label></li><li class="fw-list-none filter-function-bar-attribute"><label class=""><i class="filter-function-bar-asset"></i><span>리얼닥터</span></label></li><li class="fw-list-none filter-function-bar-attribute"><label class=""><i class="filter-function-bar-asset"></i><span>내츄럴플러스</span></label></li><li class="fw-list-none filter-function-bar-attribute"><label class=""><i class="filter-function-bar-asset"></i><span>올바른건강식품</span></label></li><li class="fw-list-none filter-function-bar-attribute"><label class=""><i class="filter-function-bar-asset"></i><span>PRONUTRITION</span></label></li><li class="fw-list-none filter-function-bar-attribute"><label class=""><i class="filter-function-bar-asset"></i><span>서울약사신협</span></label></li><li class="fw-list-none filter-function-bar-attribute"><label class=""><i class="filter-function-bar-asset"></i><span>일양약품</span></label></li><li class="fw-list-none filter-function-bar-attribute"><label class=""><i class="filter-function-bar-asset"></i><span>세노비스</span></label></li><li class="fw-list-none filter-function-bar-attribute"><label class=""><i class="filter-function-bar-asset"></i><span>스완슨</span></label></li><li class="fw-list-none filter-function-bar-attribute"><label class=""><i class="filter-function-bar-asset"></i><span>메디타민</span></label></li><li class="fw-list-none filter-function-bar-attribute"><label class=""><i class="filter-function-bar-asset"></i><span>데이즈온</span></label></li><li class="fw-list-none filter-function-bar-attribute"><label class=""><i class="filter-function-bar-asset"></i><span>디뉴</span></label></li><li class="fw-list-none filter-function-bar-attribute"><label class=""><i class="filter-function-bar-asset"></i><span>담백하루</span></label></li></ul><div class="filter-function-bar-list-btn fw-cursor-pointer fw-text-[#0073e9]">+ 더보기</div></div></div><div class="fw-border-solid fw-border-[#efefef] fw-px-[10px] fw-pb-[8px] fw-border-b"><h5 class="fw-font-bold fw-pt-[10px] fw-text-[16px]">상품 상태</h5><div class="filter-function-bar-list fold"><ul><li class="fw-list-none filter-function-bar-attribute"><label class=""><i class="filter-function-bar-asset"></i><span>새 상품</span></label></li><li class="fw-list-none filter-function-bar-attribute"><label class=""><i class="filter-function-bar-asset"></i><span>박스 훼손</span></label></li><li class="fw-list-none filter-function-bar-attribute"><label class=""><i class="filter-function-bar-asset"></i><span>재포장</span></label></li><li class="fw-list-none filter-function-bar-attribute"><label class=""><i class="filter-function-bar-asset"></i><span>반품</span></label></li><li class="fw-list-none filter-function-bar-attribute"><label class=""><i class="filter-function-bar-asset"></i><span>중고</span></label></li></ul></div></div><div class="fw-border-solid fw-border-[#efefef] fw-px-[10px] fw-pb-[8px] fw-border-b"><h5 class="fw-font-bold fw-pt-[10px] fw-text-[16px]">낱개상품 여부</h5><div class="filter-function-bar-list fold"><ul><li class="fw-list-none filter-function-bar-attribute"><label class=""><i class="filter-function-bar-asset"></i><span>낱개상품</span></label></li></ul></div></div><div class="fw-border-solid fw-border-[#efefef] fw-px-[10px] fw-pb-[8px] fw-border-b"><h5 class="fw-font-bold fw-pt-[10px] fw-text-[16px]">형태</h5><div class="filter-function-bar-list folding fold"><ul><li class="fw-list-none filter-function-bar-attribute"><label class=""><i class="filter-function-bar-asset"></i><span>캡슐</span></label></li><li class="fw-list-none filter-function-bar-attribute"><label class=""><i class="filter-function-bar-asset"></i><span>츄어블</span></label></li><li class="fw-list-none filter-function-bar-attribute"><label class=""><i class="filter-function-bar-asset"></i><span>캔디</span></label></li><li class="fw-list-none filter-function-bar-attribute"><label class=""><i class="filter-function-bar-asset"></i><span>액상</span></label></li><li class="fw-list-none filter-function-bar-attribute"><label class=""><i class="filter-function-bar-asset"></i><span>분말</span></label></li><li class="fw-list-none filter-function-bar-attribute"><label class=""><i class="filter-function-bar-asset"></i><span>스프레이</span></label></li><li class="fw-list-none filter-function-bar-attribute"><label class=""><i class="filter-function-bar-asset"></i><span>스틱</span></label></li><li class="fw-list-none filter-function-bar-attribute"><label class=""><i class="filter-function-bar-asset"></i><span>크림/겔</span></label></li></ul><div class="filter-function-bar-list-btn fw-cursor-pointer fw-text-[#0073e9]">+ 더보기</div></div></div><div class="fw-border-solid fw-border-[#efefef] fw-px-[10px] fw-pb-[8px] fw-border-b"><h5 class="fw-font-bold fw-pt-[10px] fw-text-[16px]">섭취대상</h5><div class="filter-function-bar-list fold"><ul><li class="fw-list-none filter-function-bar-attribute"><label class=""><i class="filter-function-bar-asset"></i><span>성인</span></label></li><li class="fw-list-none filter-function-bar-attribute"><label class=""><i class="filter-function-bar-asset"></i><span>여성</span></label></li><li class="fw-list-none filter-function-bar-attribute"><label class=""><i class="filter-function-bar-asset"></i><span>임산부</span></label></li><li class="fw-list-none filter-function-bar-attribute"><label class=""><i class="filter-function-bar-asset"></i><span>어린이/청소년</span></label></li></ul></div></div><div class="fw-border-solid fw-border-[#efefef] fw-px-[10px] fw-pb-[8px] fw-border-b"><h5 class="fw-font-bold fw-pt-[10px] fw-text-[16px]">개당 중량</h5><div class="filter-function-bar-list fold"><ul><li class="fw-list-none filter-function-bar-attribute"><label class=""><i class="filter-function-bar-asset"></i><span>400g 이하</span></label></li><li class="fw-list-none filter-function-bar-attribute"><label class=""><i class="filter-function-bar-asset"></i><span>400~600g</span></label></li><li class="fw-list-none filter-function-bar-attribute"><label class=""><i class="filter-function-bar-asset"></i><span>600~800g</span></label></li><li class="fw-list-none filter-function-bar-attribute"><label class=""><i class="filter-function-bar-asset"></i><span>800~900g</span></label></li><li class="fw-list-none filter-function-bar-attribute"><label class=""><i class="filter-function-bar-asset"></i><span>900g 이상</span></label></li></ul></div></div><div class="fw-border-solid fw-border-[#efefef] fw-px-[10px] fw-pb-[8px] fw-border-b"><h5 class="fw-font-bold fw-pt-[10px] fw-text-[16px]">개당 용량</h5><div class="filter-function-bar-list folding fold"><ul><li class="fw-list-none filter-function-bar-attribute"><label class=""><i class="filter-function-bar-asset"></i><span>80ml 이하</span></label></li><li class="fw-list-none filter-function-bar-attribute"><label class=""><i class="filter-function-bar-asset"></i><span>80~100ml</span></label></li><li class="fw-list-none filter-function-bar-attribute"><label class=""><i class="filter-function-bar-asset"></i><span>100~120ml</span></label></li><li class="fw-list-none filter-function-bar-attribute"><label class=""><i class="filter-function-bar-asset"></i><span>120~140ml</span></label></li><li class="fw-list-none filter-function-bar-attribute"><label class=""><i class="filter-function-bar-asset"></i><span>140~160ml</span></label></li><li class="fw-list-none filter-function-bar-attribute"><label class=""><i class="filter-function-bar-asset"></i><span>160~180ml</span></label></li><li class="fw-list-none filter-function-bar-attribute"><label class=""><i class="filter-function-bar-asset"></i><span>180~200ml</span></label></li><li class="fw-list-none filter-function-bar-attribute"><label class=""><i class="filter-function-bar-asset"></i><span>200~240ml</span></label></li><li class="fw-list-none filter-function-bar-attribute"><label class=""><i class="filter-function-bar-asset"></i><span>240ml 이상</span></label></li></ul><div class="filter-function-bar-list-btn fw-cursor-pointer fw-text-[#0073e9]">+ 더보기</div></div></div><div class="fw-border-solid fw-border-[#efefef] fw-px-[10px] fw-pb-[8px] fw-border-b"><h5 class="fw-font-bold fw-pt-[10px] fw-text-[16px]">종류</h5><div class="filter-function-bar-list fold"><ul><li class="fw-list-none filter-function-bar-attribute"><label class=""><i class="filter-function-bar-asset"></i><span>프리바이오틱스</span></label></li><li class="fw-list-none filter-function-bar-attribute"><label class=""><i class="filter-function-bar-asset"></i><span>프로바이오틱스</span></label></li><li class="fw-list-none filter-function-bar-attribute"><label class=""><i class="filter-function-bar-asset"></i><span>신바이오틱스</span></label></li></ul></div></div><div class="fw-border-solid fw-border-[#efefef] fw-px-[10px] fw-pb-[8px] fw-border-b"><h5 class="fw-font-bold fw-pt-[10px] fw-text-[16px]">보관방식</h5><div class="filter-function-bar-list fold"><ul><li class="fw-list-none filter-function-bar-attribute"><label class=""><i class="filter-function-bar-asset"></i><span>냉장보관</span></label></li><li class="fw-list-none filter-function-bar-attribute"><label class=""><i class="filter-function-bar-asset"></i><span>냉동보관</span></label></li><li class="fw-list-none filter-function-bar-attribute"><label class=""><i class="filter-function-bar-asset"></i><span>실온보관</span></label></li></ul></div></div><div class="fw-border-solid fw-border-[#efefef] fw-px-[10px] fw-pb-[8px] fw-border-b"><h5 class="fw-font-bold fw-pt-[10px] fw-text-[16px]">식약처인증 여부</h5><div class="filter-function-bar-list fold"><ul><li class="fw-list-none filter-function-bar-attribute"><label class=""><i class="filter-function-bar-asset"></i><span>식약처인증</span></label></li></ul></div></div><div class="fw-border-solid fw-border-[#efefef] fw-px-[10px] fw-pb-[8px] fw-border-b"><h5 class="fw-font-bold fw-pt-[10px] fw-text-[16px]">보장균수</h5><div class="filter-function-bar-list fold"><ul><li class="fw-list-none filter-function-bar-attribute"><label class=""><i class="filter-function-bar-asset"></i><span>1억 이하</span></label></li><li class="fw-list-none filter-function-bar-attribute"><label class=""><i class="filter-function-bar-asset"></i><span>2~10억</span></label></li><li class="fw-list-none filter-function-bar-attribute"><label class=""><i class="filter-function-bar-asset"></i><span>11~50억</span></label></li><li class="fw-list-none filter-function-bar-attribute"><label class=""><i class="filter-function-bar-asset"></i><span>51억 이상</span></label></li></ul></div></div><div class="fw-border-solid fw-border-[#efefef] fw-px-[10px] fw-pb-[8px] fw-border-b"><h5 class="fw-font-bold fw-pt-[10px] fw-text-[16px]">건강식품 성분</h5><div class="filter-function-bar-list fold"><ul><li class="fw-list-none filter-function-bar-attribute"><label class=""><i class="filter-function-bar-asset"></i><span>단일건강식품</span></label></li><li class="fw-list-none filter-function-bar-attribute"><label class=""><i class="filter-function-bar-asset"></i><span>복합건강식품</span></label></li></ul></div></div><div class="fw-border-solid fw-border-[#efefef] fw-px-[10px] fw-pb-[8px] fw-border-b"><h5 class="fw-font-bold fw-pt-[10px] fw-text-[16px]">유산균 특징</h5><div class="filter-function-bar-list folding fold"><ul><li class="fw-list-none filter-function-bar-attribute"><label class=""><i class="filter-function-bar-asset"></i><span>LGG</span></label></li><li class="fw-list-none filter-function-bar-attribute"><label class=""><i class="filter-function-bar-asset"></i><span>프롤린</span></label></li><li class="fw-list-none filter-function-bar-attribute"><label class=""><i class="filter-function-bar-asset"></i><span>다이어트</span></label></li><li class="fw-list-none filter-function-bar-attribute"><label class=""><i class="filter-function-bar-asset"></i><span>모유유산균</span></label></li><li class="fw-list-none filter-function-bar-attribute"><label class=""><i class="filter-function-bar-asset"></i><span>질유산균</span></label></li><li class="fw-list-none filter-function-bar-attribute"><label class=""><i class="filter-function-bar-asset"></i><span>낙산균</span></label></li><li class="fw-list-none filter-function-bar-attribute"><label class=""><i class="filter-function-bar-asset"></i><span>구강유산균</span></label></li></ul><div class="filter-function-bar-list-btn fw-cursor-pointer fw-text-[#0073e9]">+ 더보기</div></div></div><div class="fw-border-solid fw-border-[#efefef] fw-px-[10px] fw-pb-[8px] fw-border-b"><h5 class="fw-font-bold fw-pt-[10px] fw-text-[16px]">비건 여부</h5><div class="filter-function-bar-list fold"><ul><li class="fw-list-none filter-function-bar-attribute"><label class=""><i class="filter-function-bar-asset"></i><span>비건</span></label></li></ul></div></div><div class="fw-border-solid fw-border-[#efefef] fw-px-[10px] fw-pb-[8px] fw-border-b"><h5 class="fw-font-bold fw-pt-[10px] fw-text-[16px]">유기농/친환경 등</h5><div class="filter-function-bar-list fold"><ul><li class="fw-list-none filter-function-bar-attribute"><label class=""><i class="filter-function-bar-asset"></i><span>인증 있음</span></label></li></ul></div></div><div class="fw-border-solid fw-border-[#efefef] fw-px-[10px] fw-pb-[8px] fw-border-b"><h5 class="fw-font-bold fw-pt-[10px] fw-text-[16px]">용도</h5><div class="filter-function-bar-list fold"><ul><li class="fw-list-none filter-function-bar-attribute"><label class=""><i class="filter-function-bar-asset"></i><span>가정용</span></label></li><li class="fw-list-none filter-function-bar-attribute"><label class=""><i class="filter-function-bar-asset"></i><span>업소용</span></label></li></ul></div></div><div class="fw-border-solid fw-border-[#efefef] fw-px-[10px] fw-pb-[8px] fw-border-b"><h5 class="fw-font-bold fw-pt-[10px] fw-text-[16px]">유아건강식품 종류</h5><div class="filter-function-bar-list folding fold"><ul><li class="fw-list-none filter-function-bar-attribute"><label class=""><i class="filter-function-bar-asset"></i><span>유아비타민</span></label></li><li class="fw-list-none filter-function-bar-attribute"><label class=""><i class="filter-function-bar-asset"></i><span>유아미네랄</span></label></li><li class="fw-list-none filter-function-bar-attribute"><label class=""><i class="filter-function-bar-asset"></i><span>유아홍삼</span></label></li><li class="fw-list-none filter-function-bar-attribute"><label class=""><i class="filter-function-bar-asset"></i><span>유아유산균</span></label></li><li class="fw-list-none filter-function-bar-attribute"><label class=""><i class="filter-function-bar-asset"></i><span>초유</span></label></li><li class="fw-list-none filter-function-bar-attribute"><label class=""><i class="filter-function-bar-asset"></i><span>유아아연</span></label></li><li class="fw-list-none filter-function-bar-attribute"><label class=""><i class="filter-function-bar-asset"></i><span>유아칼슘/성장발육</span></label></li><li class="fw-list-none filter-function-bar-attribute"><label class=""><i class="filter-function-bar-asset"></i><span>유아프로틴</span></label></li><li class="fw-list-none filter-function-bar-attribute"><label class=""><i class="filter-function-bar-asset"></i><span>유아오메가3</span></label></li><li class="fw-list-none filter-function-bar-attribute"><label class=""><i class="filter-function-bar-asset"></i><span>유아DHA</span></label></li><li class="fw-list-none filter-function-bar-attribute"><label class=""><i class="filter-function-bar-asset"></i><span>유아철분</span></label></li></ul><div class="filter-function-bar-list-btn fw-cursor-pointer fw-text-[#0073e9]">+ 더보기</div></div></div><div class="fw-border-solid fw-border-[#efefef] fw-px-[10px] fw-pb-[8px] fw-border-b"><h5 class="fw-font-bold fw-pt-[10px] fw-text-[16px]">별점</h5><div class="filter-function-bar-list fold"><ul><li class="fw-list-none selected filter-function-bar-rating"><label title="전체">별점<!-- -->전체</label></li><li class="fw-list-none filter-function-bar-rating"><label title="4점 이상"><span class="filter-function-bar-rating-4 filter-function-bar-asset"></span>4점 이상</label></li><li class="fw-list-none filter-function-bar-rating"><label title="3점 이상"><span class="filter-function-bar-rating-3 filter-function-bar-asset"></span>3점 이상</label></li><li class="fw-list-none filter-function-bar-rating"><label title="2점 이상"><span class="filter-function-bar-rating-2 filter-function-bar-asset"></span>2점 이상</label></li><li class="fw-list-none filter-function-bar-rating"><label title="1점 이상"><span class="filter-function-bar-rating-1 filter-function-bar-asset"></span>1점 이상</label></li></ul></div></div><div class="fw-border-solid fw-border-[#efefef] fw-px-[10px] fw-pb-[8px] fw-border-b fw-border-b-0"><h5 class="fw-font-bold fw-pt-[10px] fw-text-[16px]">가격</h5><div class="filter-function-bar-list fold"><ul><li class="fw-list-none selected"><label class="filter-function-bar-price-item" title="priceFilter">가격 전체</label></li><li class="fw-list-none"><label class="filter-function-bar-price-item" title="priceFilter">2만원 이하</label></li><li class="fw-list-none"><label class="filter-function-bar-price-item" title="priceFilter">2만원~4만원</label></li><li class="fw-list-none"><label class="filter-function-bar-price-item" title="priceFilter">4만원~6만원</label></li><li class="fw-list-none"><label class="filter-function-bar-price-item" title="priceFilter">6만원~8만원</label></li><li class="fw-list-none"><label class="filter-function-bar-price-item" title="priceFilter">8만원 이상</label></li></ul></div><div class="filter-function-bar-price"><span class="price"><input type="text" title="minPrice" maxlength="10" value=""><span>~</span><input type="text" title="maxPrice" maxlength="10" value="">원</span><label title="priceFilter">검색</label></div></div></div></div></div><div class="customer-feedback_feedbackWrapper__MToGQ"><div class="customer-feedback_feedback__aA8hJ"><div class="customer-feedback-wrap"><div class="fw-mb-[10px]">현재 검색 결과에 만족하셨나요?</div><button class="customer-feedback_likeBtn__57m6h"></button><button class="customer-feedback_dislikeBtn__FH5mZ"></button><div class="customer-feedback_detail__eAjiK"><p>어떤 문제가 있었나요?</p><ul><li>추천해준 검색어가 도움이 안 돼요</li><li>필터가 도움이 안 돼요</li><li>관련 없는 상품이 있어요</li><li>이미지나 정보가 부정확해요</li><li>기타 원하는 옵션이 없어요</li></ul></div></div></div></div></div><div class="fw-mt-[20px] fw-flex fw-flex-1 fw-flex-col fw-overflow-hidden"><div class="srp_resultHeader___PlJ5"><h1><strong>'<!-- -->유산균<!-- -->'</strong>에 대한 검색결과</h1><div class="srp_relatedKeywords__DJiuK"><span>연관검색어: </span><a title="여성유산균" href="https://www.coupang.com/np/search?q=%EC%97%AC%EC%84%B1%EC%9C%A0%EC%82%B0%EA%B7%A0&amp;channel=relate">여성유산균</a><a title="bnr17유산균다이어트" href="https://www.coupang.com/np/search?q=bnr17%EC%9C%A0%EC%82%B0%EA%B7%A0%EB%8B%A4%EC%9D%B4%EC%96%B4%ED%8A%B8&amp;channel=relate">bnr17유산균다이어트</a><a title="유산균" href="https://www.coupang.com/np/search?q=%EC%9C%A0%EC%82%B0%EA%B7%A0&amp;channel=relate">유산균</a><a title="종근당유산균" href="https://www.coupang.com/np/search?q=%EC%A2%85%EA%B7%BC%EB%8B%B9%EC%9C%A0%EC%82%B0%EA%B7%A0&amp;channel=relate">종근당유산균</a><a title="락토핏생유산균골드" href="https://www.coupang.com/np/search?q=%EB%9D%BD%ED%86%A0%ED%95%8F%EC%83%9D%EC%9C%A0%EC%82%B0%EA%B7%A0%EA%B3%A8%EB%93%9C&amp;channel=relate">락토핏생유산균골드</a><a title="프로바이오틱스" href="https://www.coupang.com/np/search?q=%ED%94%84%EB%A1%9C%EB%B0%94%EC%9D%B4%EC%98%A4%ED%8B%B1%EC%8A%A4&amp;channel=relate">프로바이오틱스</a><a title="락토핏" href="https://www.coupang.com/np/search?q=%EB%9D%BD%ED%86%A0%ED%95%8F&amp;channel=relate">락토핏</a><a title="cj유산균" href="https://www.coupang.com/np/search?q=cj%EC%9C%A0%EC%82%B0%EA%B7%A0&amp;channel=relate">cj유산균</a><a title="오메가3" href="https://www.coupang.com/np/search?q=%EC%98%A4%EB%A9%94%EA%B0%803&amp;channel=relate">오메가3</a><a title="프리바이오틱스" href="https://www.coupang.com/np/search?q=%ED%94%84%EB%A6%AC%EB%B0%94%EC%9D%B4%EC%98%A4%ED%8B%B1%EC%8A%A4&amp;channel=relate">프리바이오틱스</a></div><div class="srp_searchUtilArea__Ln1Cg"><div class="srp_deliveryFeeToggleWrapper__mQTRF"><div class="srp_deliveryFeeToggle__6HXTR"><button class=""></button><label class="srp-delivery-fee-toggle-label">배송비 포함</label><div class="border-right"></div></div></div><div class="srp_sortWrapper__qS1ED"><div><ul class="Sort_sort__XXQf9"><li class=""><input type="radio" id="sorter-ACCURACY" readonly="" name="sorter" value="scoreDesc"><label for="sorter-ACCURACY">쿠팡 랭킹순</label><div class="Sort_help__JUDAg"><label>설명</label><div id="help-coupang-ranking-search-sort"><span>쿠팡 랭킹순은 판매 실적, 고객 선호도, 상품 경쟁력 및<br>검색 정확도 등을 종합적으로 고려한 것입니다.</span><ul><li><span>판매 실적 : </span>상품의 구매 건수</li><li><span>고객 선호도 : </span>상품 및 판매자에 대한 고객평가 등</li><li><span>상품 경쟁력 : </span>상품 가격, 배송 기간 등</li><li><span>검색 정확도 : </span>검색어와 상품 간 연관도 등</li></ul><p>이 밖에 쿠팡 랭킹순에는 고객의 편의 및 만족도</p><p>향상을 위한 추가적인 요소가 수시로 반영될 수 있습니다.</p></div></div></li><li class=""><input type="radio" id="sorter-LOW_PRICE" readonly="" name="sorter" value="salePriceAsc"><label for="sorter-LOW_PRICE">낮은가격순</label></li><li class=""><input type="radio" id="sorter-HIGH_PRICE" readonly="" name="sorter" value="salePriceDesc"><label for="sorter-HIGH_PRICE">높은가격순</label></li><li class="Sort_selected__SBbDW"><input type="radio" id="sorter-SALES_COUNT" readonly="" name="sorter" checked="" value="saleCountDesc"><label for="sorter-SALES_COUNT">판매량순</label></li><li class=""><input type="radio" id="sorter-LATEST" readonly="" name="sorter" value="latestAsc"><label for="sorter-LATEST">최신순</label></li></ul></div></div><div class="srp_flexPlaceholder__gUkif"></div><div class="srp_listSizeWrapper__F3yLz"><div><div class="ListSizeOption_listSizeOption__j3Y94"><ul><li class="ListSizeOption_selected__Ym5KI"><input type="radio" id="listSize-36" readonly="" name="listSize" checked="" value="36"><label for="listSize-36">36<!-- -->개씩 보기</label><span></span></li><li class=""><input type="radio" id="listSize-48" readonly="" name="listSize" value="48"><label for="listSize-48">48<!-- -->개씩 보기</label><span></span></li><li class=""><input type="radio" id="listSize-60" readonly="" name="listSize" value="60"><label for="listSize-60">60<!-- -->개씩 보기</label><span></span></li><li class=""><input type="radio" id="listSize-72" readonly="" name="listSize" value="72"><label for="listSize-72">72<!-- -->개씩 보기</label><span></span></li></ul></div></div></div><div class="srp_filterButton__FX3lY s600:fw-hidden"><div class="fw-flex fw-h-[26px] fw-w-[84px] fw-bg-[#346aff] fw-px-[8px] fw-items-center fw-justify-center fw-gap-[4px] fw-rounded"><div class="relative"><svg width="13" height="12" viewBox="0 0 13 12" fill="none" xmlns="http://www.w3.org/2000/svg"><path d="M12.1946 0.521225C12.1089 0.354675 11.9373 0.25 11.75 0.25H1.25C1.06272 0.25 0.891095 0.354675 0.80542 0.521225C0.71972 0.68775 0.73427 0.888225 0.84312 1.04062L5 6.16025V11.25C5 11.4172 5.08354 11.5733 5.22264 11.666C5.30602 11.7216 5.40269 11.75 5.50004 11.75C5.56509 11.75 5.63047 11.7373 5.6923 11.7115L7.6923 10.4615C7.87862 10.3839 8 10.2019 8 10V6.16025L12.1568 1.04062C12.2657 0.888225 12.2803 0.68775 12.1946 0.521225Z" fill="white"></path></svg></div><div class="fw-text-[12px] fw-font-bold fw-leading-[15px] fw-text-white">필터</div></div></div></div></div><div class="fw-mb-[20px]"><div id="srpKeywordTopBanner" class="srp-s4-banners"><div class="swiper swiper-initialized swiper-horizontal swiper-backface-hidden"><div class="swiper-wrapper" style="transition-duration: 300ms; transform: translate3d(-4320px, 0px, 0px);"><div class="swiper-slide swiper-slide-next" data-swiper-slide-index="0" style="width: 1080px;"><a href="https://shop.coupang.com/A00575434/464562?source=brandstore_display_ads&amp;adType=DA&amp;eventId=wofV9ee0h7VQnW43" target="_blank" class="impression-logged view-logged"><img loading="lazy" class="fw-w-full" alt="11630079" src="https://static.coupangcdn.com/wa/cmg_paperboy/image/1762149181620/S4PC.jpg"></a></div><div class="swiper-slide" data-swiper-slide-index="1" style="width: 1080px;"><a href="https://shop.coupang.com/ckdhc/268664?source=brandstore_display_ads&amp;adType=DA&amp;eventId=Ki21ou47E1ngWSKy" target="_blank" class="impression-logged view-logged"><img loading="lazy" class="fw-w-full" alt="11627153" src="https://static.coupangcdn.com/ia/cmg_paperboy/image/1761807014274/S4_PC.jpg"></a></div><div class="swiper-slide" data-swiper-slide-index="2" style="width: 1080px;"><a href="https://shop.coupang.com/ckdhc/268664?source=brandstore_display_ads&amp;adType=DA&amp;eventId=tJM5KbEaqA71O7xC" target="_blank" class="impression-logged view-logged"><img loading="lazy" class="fw-w-full" alt="11627157" src="https://static.coupangcdn.com/qa/cmg_paperboy/image/1761808402786/S4_PC.jpg" data-load-time-start="5842.399999991059" data-load-time-end="5856.70000000298" data-load-time="5856.70000000298"></a></div><div class="swiper-slide swiper-slide-prev" data-swiper-slide-index="3" style="width: 1080px;"><a href="https://shop.coupang.com/ckdhc/268664?source=brandstore_display_ads&amp;adType=DA&amp;eventId=t8zNd0FZSaSMJlnQ" target="_blank" class="impression-logged view-logged"><img loading="lazy" class="fw-w-full" alt="11627161" src="https://static.coupangcdn.com/ja/cmg_paperboy/image/1761809154413/S4_PC.jpg" data-load-time-start="9142.20000000298" data-load-time-end="9170" data-load-time="9170"></a></div><div class="swiper-slide swiper-slide-active" data-swiper-slide-index="4" style="width: 1080px;"><a href="https://pages.coupang.com/p/147337?adType=DA&amp;eventId=DblLGaDuxnyrWbQt" target="_blank" class="impression-logged"><img loading="lazy" class="fw-w-full" alt="11634141" src="https://static.coupangcdn.com/ra/cmg_paperboy/image/1757496524879/10000011288677_S4_PC.png" data-load-time="14507.29999999702"></a></div></div><div class="swiper-button-prev"></div><div class="swiper-button-next"></div><div class="swiper-pagination swiper-pagination-bullets swiper-pagination-horizontal"><span class="swiper-pagination-bullet"></span><span class="swiper-pagination-bullet"></span><span class="swiper-pagination-bullet"></span><span class="swiper-pagination-bullet"></span><span class="swiper-pagination-bullet swiper-pagination-bullet-active"></span></div></div></div></div><div class="fixedPagination"><div class="ProductList_productList__kfbKM"><ul id="product-list"><li class="ProductUnit_productUnit__Qd6sv" data-id="85731555287"><a href="/vp/products/7257246284?itemId=18595395637&amp;vendorItemId=85731555287&amp;sourceType=srp_product_ads&amp;clickEventId=752ec8d0-c5dd-11f0-895a-da439e68c666&amp;korePlacement=15&amp;koreSubPlacement=1&amp;clickEventId=752ec8d0-c5dd-11f0-895a-da439e68c666&amp;korePlacement=15&amp;koreSubPlacement=1" target="_blank" class="impression-logged view-logged"><figure class="ProductUnit_productImage__Mqcg1"><img alt="비오비타 패밀리 미니정제 유산균, 84정, 2개" loading="lazy" width="230" height="230" decoding="async" data-nimg="1" style="color:transparent" src="https://thumbnail.coupangcdn.com/thumbnails/remote/320x320ex/image/retail/images/53582735765948-b8f6d8fd-3294-46f4-996c-ec4bcf711d73.jpg" data-load-time-start="1631.5" data-load-time-end="1672.3999999910593" data-load-time="1672.3999999910593"></figure><div class="ProductUnit_productInfo__1l0il"><div class="fw-flex fw-flex-wrap fw-gap-[4px] fw-items-center fw-px-0 fw-py-[10px]"><div class="TextBadge_benefit__bkexk" data-badge-type="benefit">268원 캐시 적립</div></div><div class="fw-flex fw-flex-wrap fw-gap-[4px] fw-items-center fw-px-0 fw-pb-[10px] empty:fw-hidden"></div><div class="ProductUnit_productNameV2__cV9cw">비오비타 패밀리 미니정제 유산균, 84정, 2개</div><div class="PriceArea_priceArea__NntJz"><div class="custom-oos fw-mb-[1px] fw-flex fw-flex-wrap fw-items-center fw-gap-x-[4px] fw-gap-y-[1px]"><span class="custom-oos fw-text-[13px]/[16px] fw-break-all fw-text-red-700">쿠폰할인</span><del class="custom-oos fw-text-[12px]/[14px] fw-line-through fw-text-bluegray-600">29,800원</del></div><div class="custom-oos"><div class="custom-oos fw-flex fw-flex-wrap fw-items-center fw-gap-y-[1px]"><div class="custom-oos fw-flex fw-items-center"><div class="custom-oos fw-flex fw-items-center fw-pl-[4px] fw-h-[20px] fw-text-[14px] fw-font-bold fw-text-white fw-bg-red-700 fw-z-[2]"><span class="custom-oos fw-translate-y-[1px]">10<!-- -->%</span></div><svg class="fw-block fw-ml-[-1px] fw-w-[11px] fw-h-[20px] fw-z-[1]" xmlns="http://www.w3.org/2000/svg" width="11" height="20" viewBox="0 0 11 20" fill="none"><path d="M11 0L3.78947 18.1083C3.33465 19.2505 2.22944 20 1 20H0V10V0H11Z" fill="#CB1400"></path></svg></div><div class="custom-oos fw-text-[20px]/[24px] fw-font-bold fw-mr-[4px] fw-text-red-700">26,800원</div><span class="custom-oos fw-text-[12px]/[15px] fw-text-red-700">(<!-- -->1정당 160원<!-- -->)</span></div></div></div><div class="fw-text-[14px] [&amp;&gt;div]:fw-pt-[8px]"><div class="fw-flex fw-flex-wrap fw-gap-[4px] fw-items-center"><div class="fw-flex fw-flex-wrap fw-gap-[4px] fw-items-center"><div class="ImageBadge_default__JWaYp"><img class="custom-oos" src="https://image.coupangcdn.com/image/rds/delivery_badge_ext/badge_1998ab96bf7.png" alt="" loading="lazy"></div></div><div class="fw-leading-[15px]"><span style="color:#008C00;font-size:12px">내일(금) </span><span style="color:#008C00;font-size:12px">도착 보장</span></div></div><div class="!fw-pt-[4px] fw-leading-[15px]"><span style="color:#454F5B;font-weight:bold;font-size:12px">무료배송</span></div></div><div class="ProductRating_productRating__jjf7W"><span class="ProductRating_rating__lMxS9"><div class="ProductRating_star__RGSlV" style="width:100%">5</div></span><span class="ProductRating_ratingCount__R0Vhz">(<!-- -->834<!-- -->)</span></div><div class="fw-pt-[10px] "><div class="BenefitBadge_cash-benefit__SmkrN"><div><img src="https://image.coupangcdn.com/image/badges/cashback/web/list-cash-icon@2x.png" alt="최대 1,191원 적립" loading="lazy"><span>최대 1,191원 적립</span></div></div></div><div class="AdMark_adMark__KPMsC" data-adsplatform="{&quot;clickLogUri&quot;:&quot;https://mercury.coupang.com/e.gif?r=752ec8d0-c5dd-11f0-895a-da439e68c666%7E3&amp;korePlacement=15&amp;koreSubPlacement=1&quot;,&quot;impressionLogUri&quot;:&quot;https://mercury.coupang.com/e.gif?r=752ec8d0-c5dd-11f0-895a-da439e68c666%7E1&amp;korePlacement=15&amp;koreSubPlacement=1&quot;,&quot;viewImpression&quot;:&quot;https://mercury.coupang.com/e.gif?r=752ec8d0-c5dd-11f0-895a-da439e68c666%7E2&amp;korePlacement=15&amp;koreSubPlacement=1&quot;}" data-event-id="752ec8d0-c5dd-11f0-895a-da439e68c666"><div class="AdMark_tooltip__Q_PGS"><span>쿠팡으로부터 광고 서비스를 구매한 제휴업체의 판매상품으로 일반 상품보다 우선 정렬됩니다.</span></div><span class="AdMark_text__Rp7px">AD</span><span class="AdMark_icon__O2Q5V"><svg xmlns="http://www.w3.org/2000/svg" width="12" height="12" viewBox="0 0 12 12"><g fill="none" fill-rule="evenodd" opacity=".3"><path fill="#000" fill-opacity="0" d="M0 12L12 12 12 0 0 0z" transform="translate(-1537 -743) translate(1537 743)"></path><path fill="#111" fill-rule="nonzero" d="M6 11.5c3.038 0 5.5-2.462 5.5-5.5S9.038.5 6 .5.5 2.962.5 6s2.462 5.5 5.5 5.5zm0 .5c-3.314 0-6-2.686-6-6s2.686-6 6-6 6 2.686 6 6-2.686 6-6 6zm.5-7v3.667L7.5 9h-3l1-.333V5.4l-1-.4h2zm-.625-2c.345 0 .625.28.625.625s-.28.625-.625.625-.625-.28-.625-.625S5.53 3 5.875 3z" transform="translate(-1537 -743) translate(1537 743)"></path></g></svg></span></div></div></a></li><li class="ProductUnit_productUnit__Qd6sv" data-id="4637889550"><a href="/vp/products/7458810098?itemId=623694660&amp;vendorItemId=4637889550&amp;pickType=COU_PICK&amp;q=유산균&amp;searchId=1a76afe61280463&amp;sourceType=search&amp;itemsCount=36&amp;searchRank=1&amp;rank=1" target="_blank"><figure class="ProductUnit_productImage__Mqcg1"><img alt="락토핏 골드 80포, 160g, 1개" loading="lazy" width="230" height="230" decoding="async" data-nimg="1" style="color:transparent" src="https://thumbnail.coupangcdn.com/thumbnails/remote/320x320ex/image/retail/images/60557165883108-1a743c5d-a344-48cc-951b-416a40e49592.jpg" data-load-time-start="1631.5999999940395" data-load-time-end="1714.3999999910593" data-load-time="1714.3999999910593"></figure><div class="ProductUnit_productInfo__1l0il"><div class="fw-flex fw-flex-wrap fw-gap-[4px] fw-items-center fw-px-0 fw-py-[10px]"><div class="ImageBadge_coupick__0i8UV"><img src="https://image.coupangcdn.com/image/badges/cou_pick/web/coupick@2x.png" alt="쿠팡추천" loading="lazy"></div></div><div class="fw-flex fw-flex-wrap fw-gap-[4px] fw-items-center fw-px-0 fw-pb-[10px] empty:fw-hidden"></div><div class="ProductUnit_productNameV2__cV9cw">락토핏 골드 80포, 160g, 1개</div><div class="PriceArea_priceArea__NntJz"><div class="custom-oos fw-mb-[1px] fw-flex fw-flex-wrap fw-items-center fw-gap-x-[4px] fw-gap-y-[1px]"><del class="custom-oos fw-text-[12px]/[14px] fw-line-through fw-text-bluegray-600">28,500원</del></div><div class="custom-oos"><div class="custom-oos fw-flex fw-flex-wrap fw-items-center fw-gap-y-[1px]"><div class="custom-oos fw-mr-[2px] fw-text-[14px] fw-font-bold fw-text-bluegray-900">33<!-- -->%</div><div class="custom-oos fw-text-[20px]/[24px] fw-font-bold fw-mr-[4px] fw-text-bluegray-900">18,900원</div><span class="custom-oos fw-text-[12px]/[15px] fw-text-bluegray-900">(<!-- -->10g당 1,181원<!-- -->)</span></div></div></div><div class="fw-text-[14px] [&amp;&gt;div]:fw-pt-[8px]"><div class="fw-flex fw-flex-wrap fw-gap-[4px] fw-items-center"><div class="fw-flex fw-flex-wrap fw-gap-[4px] fw-items-center"><div class="ImageBadge_default__JWaYp"><img class="custom-oos" src="https://image.coupangcdn.com/image/rds/delivery_badge_ext/badge_1998ab96bf7.png" alt="" loading="lazy"></div></div><div class="fw-leading-[15px]"><span style="color:#008C00;font-size:12px">내일(금) </span><span style="color:#008C00;font-size:12px">도착 보장</span></div></div><div class="!fw-pt-[4px] fw-leading-[15px]"><span style="color:#454F5B;font-weight:bold;font-size:12px">와우는 </span><span style="color:#454F5B;font-size:12px">무료배송 ∙ 무료반품 ∙ 새벽도착</span></div></div><div class="ProductRating_productRating__jjf7W"><span class="ProductRating_rating__lMxS9"><div class="ProductRating_star__RGSlV" style="width:100%">5</div></span><span class="ProductRating_ratingCount__R0Vhz">(<!-- -->212428<!-- -->)</span></div><div class="fw-pt-[10px] "><div class="BenefitBadge_cash-benefit__SmkrN"><div><img src="https://image.coupangcdn.com/image/badges/cashback/web/list-cash-icon@2x.png" alt="최대 945원 적립" loading="lazy"><span>최대 945원 적립</span></div></div></div><span class="RankMark_rank1__EWwz0">1</span></div></a></li><li class="ProductUnit_productUnit__Qd6sv" data-id="81816610559"><a href="/vp/products/6063894601?itemId=19441573413&amp;vendorItemId=81816610559&amp;q=유산균&amp;searchId=1a76afe61280463&amp;sourceType=search&amp;itemsCount=36&amp;searchRank=2&amp;rank=2" target="_blank"><figure class="ProductUnit_productImage__Mqcg1"><img alt="크리스찬한센 덴마크 유산균 이야기, 30정, 1개" loading="lazy" width="230" height="230" decoding="async" data-nimg="1" style="color:transparent" src="https://thumbnail.coupangcdn.com/thumbnails/remote/320x320ex/image/retail/images/511160217661541-bfe75eba-82ed-4818-a882-87c611299cab.jpg" data-load-time-start="1631.7999999970198" data-load-time-end="1707.5" data-load-time="1707.5"></figure><div class="ProductUnit_productInfo__1l0il"><div class="fw-flex fw-flex-wrap fw-gap-[4px] fw-items-center fw-px-0 fw-py-[10px]"><div class="fw-flex fw-flex-wrap fw-items-center fw-justify-start fw-content-center fw-flex-nowrap fw-font-bold fw-text-[12px] fw-leading-[15px] fw-tracking-[-0.12px] fw-relative fw-text-[#212B36]" data-badge="best-award"><p class="fw-block fw-h-3 fw-text-[#212B36] fw-font-bold fw-text-[12px] fw-leading-[15px] fw-tracking-[-0.12px] fw-font-[Apple SD Gothic Neo, Malgun Gothic, Dotum, Helvetica Neue, Helvetica, Arial, sans-serif]">BEST AWARDS</p><div class="fw-bg-[url('//img1a.coupangcdn.com/image/coupang/common/info-icon.svg')] fw-inline-block fw-w-3.5 fw-h-3.5 fw-bg-no-repeat fw-bg-center fw-ml-0.5 fw-group fw-text-[0] fw-indent-[-3000em] fw-cursor-pointer"><label>설명</label><div data-tooltip="best-award" class="fw-absolute fw-top-auto fw-left-0 fw-right-0 fw-mt-[8px] fw-min-w-[270px] fw-p-[14px] fw-text-[12px] fw-font-normal fw-text-[#111] fw-leading-[15px] fw-antialiased fw-bg-white fw-border fw-border-solid fw-border-[#ddd] fw-z-10 fw-shadow-[0_4px_6px_rgba(0,0,0,0.3)] max-s500:fw-w-[calc(100vw-20px)] max-s500:fw-max-w-[calc(100vw-20px)] fw-w-[322px] fw-min-w-[270px] fw-max-w-[322px] fw-hidden group-hover:fw-block fw-rounded-sm fw-bg-white fw-invisible"><p class="fw-text-[#111]">쿠팡 로켓배송 상품 중 <b>2025 상반기</b> 쿠팡 어워즈를 수상한 제품입니다.</p><ul class="fw-pl-5 fw-mt-4 fw-flex !fw-flex-col fw-items-start !fw-border-0"><li class="fw-list-disc fw-text-[#111] fw-font-normal fw-text-[12px] fw-leading-[15px] fw-font-[Apple SD Gothic Neo, Malgun Gothic, Dotum, Helvetica Neue, Helvetica, Arial, sans-serif]"><em class="fw-font-bold fw-not-italic">카테고리<!-- -->: </em>건강식품 유산균</li><li class="fw-list-disc fw-text-[#111] fw-font-normal fw-text-[12px] fw-leading-[15px] fw-font-[Apple SD Gothic Neo, Malgun Gothic, Dotum, Helvetica Neue, Helvetica, Arial, sans-serif]"><em class="fw-font-bold fw-not-italic">수상 부문<!-- -->: </em>베스트 셀링</li><li class="fw-list-disc fw-text-[#111] fw-font-normal fw-text-[12px] fw-leading-[15px] fw-font-[Apple SD Gothic Neo, Malgun Gothic, Dotum, Helvetica Neue, Helvetica, Arial, sans-serif]"><em class="fw-font-bold fw-not-italic">데이터 집계기간<!-- -->: </em>2025.01.01 ~ 2025.05.21</li><li class="fw-list-disc fw-text-[#111] fw-font-normal fw-text-[12px] fw-leading-[15px] fw-font-[Apple SD Gothic Neo, Malgun Gothic, Dotum, Helvetica Neue, Helvetica, Arial, sans-serif]"><em class="fw-font-bold fw-not-italic">수상 기준<!-- -->: </em>매출, 판매량</li></ul></div><span class="fw-visible-hidden fw-w-[10px] fw-h-[10px] fw-bg-white fw-rounded-sm fw-absolute fw-z-[11] fw-border-t fw-border-l fw-border-solid fw-border-[#e5e5e5] fw-mt-[3px] fw-mx-[2.5px] fw-rotate-45 fw-hidden group-hover:fw-block fw-invisible"></span></div></div></div><div class="fw-flex fw-flex-wrap fw-gap-[4px] fw-items-center fw-px-0 fw-pb-[10px] empty:fw-hidden"></div><div class="ProductUnit_productNameV2__cV9cw">크리스찬한센 덴마크 유산균 이야기, 30정, 1개</div><div class="PriceArea_priceArea__NntJz"><div class="custom-oos fw-mb-[1px] fw-flex fw-flex-wrap fw-items-center fw-gap-x-[4px] fw-gap-y-[1px]"><del class="custom-oos fw-text-[12px]/[14px] fw-line-through fw-text-bluegray-600">51,000원</del></div><div class="custom-oos"><div class="custom-oos fw-flex fw-flex-wrap fw-items-center fw-gap-y-[1px]"><div class="custom-oos fw-mr-[2px] fw-text-[14px] fw-font-bold fw-text-bluegray-900">70<!-- -->%</div><div class="custom-oos fw-text-[20px]/[24px] fw-font-bold fw-mr-[4px] fw-text-bluegray-900">14,900원</div><span class="custom-oos fw-text-[12px]/[15px] fw-text-bluegray-900">(<!-- -->1정당 497원<!-- -->)</span></div></div></div><div class="fw-text-[14px] [&amp;&gt;div]:fw-pt-[8px]"><div class="fw-flex fw-flex-wrap fw-gap-[4px] fw-items-center"><div class="fw-flex fw-flex-wrap fw-gap-[4px] fw-items-center"><div class="ImageBadge_default__JWaYp"><img class="custom-oos" src="https://image.coupangcdn.com/image/rds/delivery_badge_ext/badge_1998ab96bf7.png" alt="" loading="lazy"></div></div><div class="fw-leading-[15px]"><span style="color:#008C00;font-size:12px">내일(금) </span><span style="color:#008C00;font-size:12px">도착 보장</span></div></div><div class="!fw-pt-[4px] fw-leading-[15px]"><span style="color:#454F5B;font-weight:bold;font-size:12px">와우는 </span><span style="color:#454F5B;font-size:12px">무료배송 ∙ 무료반품 ∙ 새벽도착</span></div></div><div class="ProductRating_productRating__jjf7W"><span class="ProductRating_rating__lMxS9"><div class="ProductRating_star__RGSlV" style="width:100%">5</div></span><span class="ProductRating_ratingCount__R0Vhz">(<!-- -->25435<!-- -->)</span></div><div class="fw-pt-[10px] "><div class="BenefitBadge_cash-benefit__SmkrN"><div><img src="https://image.coupangcdn.com/image/badges/cashback/web/list-cash-icon@2x.png" alt="최대 745원 적립" loading="lazy"><span>최대 745원 적립</span></div></div></div><span class="RankMark_rank2__hhd7p">2</span></div></a></li><li class="ProductUnit_productUnit__Qd6sv" data-id="3179568952"><a href="/vp/products/7626263931?itemId=18376283146&amp;vendorItemId=3179568952&amp;q=유산균&amp;searchId=1a76afe61280463&amp;sourceType=search&amp;itemsCount=36&amp;searchRank=3&amp;rank=3" target="_blank"><figure class="ProductUnit_productImage__Mqcg1"><img alt="[Jarrow Formulas] 자로우 포뮬러스 도피러스 EPS 유산균 100억 CFU, 120정, 1개" loading="lazy" width="230" height="230" decoding="async" data-nimg="1" style="color:transparent" src="https://thumbnail.coupangcdn.com/thumbnails/remote/320x320ex/image/vendor_inventory/cfa2/7dafe44671c57f8be5145390677f5323075274c7f90689288b368766a4e1.jpg" data-load-time-start="1631.7999999970198" data-load-time-end="1678" data-load-time="1678"></figure><div class="ProductUnit_productInfo__1l0il"><div class="fw-flex fw-flex-wrap fw-gap-[4px] fw-items-center fw-px-0 fw-py-[10px]"></div><div class="fw-flex fw-flex-wrap fw-gap-[4px] fw-items-center fw-px-0 fw-pb-[10px] empty:fw-hidden"></div><div class="ProductUnit_productNameV2__cV9cw">[Jarrow Formulas] 자로우 포뮬러스 도피러스 EPS 유산균 100억 CFU, 120정, 1개</div><div class="PriceArea_priceArea__NntJz"><div class="custom-oos fw-mb-[1px] fw-flex fw-flex-wrap fw-items-center fw-gap-x-[4px] fw-gap-y-[1px]"><span class="custom-oos fw-text-[13px]/[16px] fw-break-all fw-text-bluegray-600">할인</span><del class="custom-oos fw-text-[12px]/[14px] fw-line-through fw-text-bluegray-600">45,780원</del></div><div class="custom-oos"><div class="custom-oos fw-flex fw-flex-wrap fw-items-center fw-gap-y-[1px]"><div class="custom-oos fw-mr-[2px] fw-text-[14px] fw-font-bold fw-text-bluegray-900">10<!-- -->%</div><div class="custom-oos fw-text-[20px]/[24px] fw-font-bold fw-mr-[4px] fw-text-bluegray-900">41,200원</div><span class="custom-oos fw-text-[12px]/[15px] fw-text-bluegray-900">(<!-- -->1정당 343원<!-- -->)</span></div></div></div><div class="fw-text-[14px] [&amp;&gt;div]:fw-pt-[8px]"><div class="fw-flex fw-flex-wrap fw-gap-[4px] fw-items-center"><div class="fw-flex fw-flex-wrap fw-gap-[4px] fw-items-center"><span class="fw-text-[14px] fw-text-bluegray-900">미국</span><div class="ImageBadge_default__JWaYp"><img class="custom-oos" src="https://image.coupangcdn.com/image/coupang/rds/logo/xhdpi/logo_jikgu_medium.png" alt="" loading="lazy"></div></div><div class="fw-leading-[15px]"><span style="color:#212B36;font-size:12px">11/23(일) </span><span style="color:#212B36;font-size:12px">도착 예정</span></div></div><div class="!fw-pt-[4px] fw-leading-[15px]"><span style="color:#454F5B;font-weight:bold;font-size:12px">무료배송</span></div></div><div class="ProductRating_productRating__jjf7W"><span class="ProductRating_rating__lMxS9"><div class="ProductRating_star__RGSlV" style="width:100%">5</div></span><span class="ProductRating_ratingCount__R0Vhz">(<!-- -->27879<!-- -->)</span></div><div class="fw-pt-[10px] "><div class="BenefitBadge_cash-benefit__SmkrN"><div><img src="https://image.coupangcdn.com/image/badges/cashback/web/list-cash-icon@2x.png" alt="최대 2,060원 적립" loading="lazy"><span>최대 2,060원 적립</span></div></div></div><span class="RankMark_rank3__YJp03">3</span></div></a></li><li class="ProductUnit_productUnit__Qd6sv" data-id="3161168955"><a href="/vp/products/8336583914?itemId=15790615828&amp;vendorItemId=3161168955&amp;q=유산균&amp;searchId=1a76afe61280463&amp;sourceType=search&amp;itemsCount=36&amp;searchRank=4&amp;rank=4" target="_blank"><figure class="ProductUnit_productImage__Mqcg1"><img alt="재로우 우먼 펨-도필러스 유산균 10억 베지테리안 캡슐, 60정, 1개" loading="lazy" width="230" height="230" decoding="async" data-nimg="1" style="color:transparent" src="https://thumbnail.coupangcdn.com/thumbnails/remote/320x320ex/image/vendor_inventory/image_audit/stage/manual/a658fa6128ccd3ecc81aa2c4a605819291144f81dcd2a124b12f040560ba_1751522002256.jpg" data-load-time-start="1631.8999999910593" data-load-time-end="1722.3999999910593" data-load-time="1722.3999999910593"></figure><div class="ProductUnit_productInfo__1l0il"><div class="fw-flex fw-flex-wrap fw-gap-[4px] fw-items-center fw-px-0 fw-py-[10px]"></div><div class="fw-flex fw-flex-wrap fw-gap-[4px] fw-items-center fw-px-0 fw-pb-[10px] empty:fw-hidden"></div><div class="ProductUnit_productNameV2__cV9cw">재로우 우먼 펨-도필러스 유산균 10억 베지테리안 캡슐, 60정, 1개</div><div class="PriceArea_priceArea__NntJz"><div class="custom-oos fw-mb-[1px] fw-flex fw-flex-wrap fw-items-center fw-gap-x-[4px] fw-gap-y-[1px]"><span class="custom-oos fw-text-[13px]/[16px] fw-break-all fw-text-bluegray-600">할인</span><del class="custom-oos fw-text-[12px]/[14px] fw-line-through fw-text-bluegray-600">44,940원</del></div><div class="custom-oos"><div class="custom-oos fw-flex fw-flex-wrap fw-items-center fw-gap-y-[1px]"><div class="custom-oos fw-mr-[2px] fw-text-[14px] fw-font-bold fw-text-bluegray-900">19<!-- -->%</div><div class="custom-oos fw-text-[20px]/[24px] fw-font-bold fw-mr-[4px] fw-text-bluegray-900">36,120원</div><span class="custom-oos fw-text-[12px]/[15px] fw-text-bluegray-900">(<!-- -->1정당 602원<!-- -->)</span></div></div></div><div class="fw-text-[14px] [&amp;&gt;div]:fw-pt-[8px]"><div class="fw-flex fw-flex-wrap fw-gap-[4px] fw-items-center"><div class="fw-flex fw-flex-wrap fw-gap-[4px] fw-items-center"><span class="fw-text-[14px] fw-text-bluegray-900">미국</span><div class="ImageBadge_default__JWaYp"><img class="custom-oos" src="https://image.coupangcdn.com/image/coupang/rds/logo/xhdpi/logo_jikgu_medium.png" alt="" loading="lazy"></div></div><div class="fw-leading-[15px]"><span style="color:#212B36;font-size:12px">11/23(일) </span><span style="color:#212B36;font-size:12px">도착 예정</span></div></div><div class="!fw-pt-[4px] fw-leading-[15px]"><span style="color:#454F5B;font-weight:bold;font-size:12px">무료배송</span></div></div><div class="ProductRating_productRating__jjf7W"><span class="ProductRating_rating__lMxS9"><div class="ProductRating_star__RGSlV" style="width:100%">5</div></span><span class="ProductRating_ratingCount__R0Vhz">(<!-- -->75960<!-- -->)</span></div><div class="fw-pt-[10px] "><div class="BenefitBadge_cash-benefit__SmkrN"><div><img src="https://image.coupangcdn.com/image/badges/cashback/web/list-cash-icon@2x.png" alt="최대 1,806원 적립" loading="lazy"><span>최대 1,806원 적립</span></div></div></div><span class="RankMark_rank4__JRLlV">4</span></div></a></li><li class="ProductUnit_productUnit__Qd6sv" data-id="91737207467"><a href="/vp/products/7956476557?itemId=21983529029&amp;vendorItemId=91737207467&amp;q=유산균&amp;searchId=1a76afe61280463&amp;sourceType=search&amp;itemsCount=36&amp;searchRank=5&amp;rank=5" target="_blank"><figure class="ProductUnit_productImage__Mqcg1"><img alt="락토핏 다이어트 유산균 60p, 120g, 1개" loading="lazy" width="230" height="230" decoding="async" data-nimg="1" style="color:transparent" src="https://thumbnail.coupangcdn.com/thumbnails/remote/320x320ex/image/retail/images/2025/01/08/11/2/a35ab0df-94b5-4a99-8d20-6bd818d0d55b.jpg" data-load-time-start="1631.8999999910593" data-load-time-end="1699.2000000029802" data-load-time="1699.2000000029802"></figure><div class="ProductUnit_productInfo__1l0il"><div class="fw-flex fw-flex-wrap fw-gap-[4px] fw-items-center fw-px-0 fw-py-[10px]"><div class="fw-flex fw-flex-wrap fw-items-center fw-justify-start fw-content-center fw-flex-nowrap fw-font-bold fw-text-[12px] fw-leading-[15px] fw-tracking-[-0.12px] fw-relative fw-text-[#212B36]" data-badge="best-award"><p class="fw-block fw-h-3 fw-text-[#212B36] fw-font-bold fw-text-[12px] fw-leading-[15px] fw-tracking-[-0.12px] fw-font-[Apple SD Gothic Neo, Malgun Gothic, Dotum, Helvetica Neue, Helvetica, Arial, sans-serif]">BEST AWARDS</p><div class="fw-bg-[url('//img1a.coupangcdn.com/image/coupang/common/info-icon.svg')] fw-inline-block fw-w-3.5 fw-h-3.5 fw-bg-no-repeat fw-bg-center fw-ml-0.5 fw-group fw-text-[0] fw-indent-[-3000em] fw-cursor-pointer"><label>설명</label><div data-tooltip="best-award" class="fw-absolute fw-top-auto fw-left-0 fw-right-0 fw-mt-[8px] fw-min-w-[270px] fw-p-[14px] fw-text-[12px] fw-font-normal fw-text-[#111] fw-leading-[15px] fw-antialiased fw-bg-white fw-border fw-border-solid fw-border-[#ddd] fw-z-10 fw-shadow-[0_4px_6px_rgba(0,0,0,0.3)] max-s500:fw-w-[calc(100vw-20px)] max-s500:fw-max-w-[calc(100vw-20px)] fw-w-[322px] fw-min-w-[270px] fw-max-w-[322px] fw-hidden group-hover:fw-block fw-rounded-sm fw-bg-white fw-invisible"><p class="fw-text-[#111]">쿠팡 로켓배송 상품 중 <b>2025 상반기</b> 쿠팡 어워즈를 수상한 제품입니다.</p><ul class="fw-pl-5 fw-mt-4 fw-flex !fw-flex-col fw-items-start !fw-border-0"><li class="fw-list-disc fw-text-[#111] fw-font-normal fw-text-[12px] fw-leading-[15px] fw-font-[Apple SD Gothic Neo, Malgun Gothic, Dotum, Helvetica Neue, Helvetica, Arial, sans-serif]"><em class="fw-font-bold fw-not-italic">카테고리<!-- -->: </em>건강식품 유산균</li><li class="fw-list-disc fw-text-[#111] fw-font-normal fw-text-[12px] fw-leading-[15px] fw-font-[Apple SD Gothic Neo, Malgun Gothic, Dotum, Helvetica Neue, Helvetica, Arial, sans-serif]"><em class="fw-font-bold fw-not-italic">수상 부문<!-- -->: </em>신상품 베스트</li><li class="fw-list-disc fw-text-[#111] fw-font-normal fw-text-[12px] fw-leading-[15px] fw-font-[Apple SD Gothic Neo, Malgun Gothic, Dotum, Helvetica Neue, Helvetica, Arial, sans-serif]"><em class="fw-font-bold fw-not-italic">데이터 집계기간<!-- -->: </em>2025.01.01 ~ 2025.05.21</li><li class="fw-list-disc fw-text-[#111] fw-font-normal fw-text-[12px] fw-leading-[15px] fw-font-[Apple SD Gothic Neo, Malgun Gothic, Dotum, Helvetica Neue, Helvetica, Arial, sans-serif]"><em class="fw-font-bold fw-not-italic">수상 기준<!-- -->: </em>데이터 집계기간에 등록된 상품의 매출, 판매량</li></ul></div><span class="fw-visible-hidden fw-w-[10px] fw-h-[10px] fw-bg-white fw-rounded-sm fw-absolute fw-z-[11] fw-border-t fw-border-l fw-border-solid fw-border-[#e5e5e5] fw-mt-[3px] fw-mx-[2.5px] fw-rotate-45 fw-hidden group-hover:fw-block fw-invisible"></span></div></div></div><div class="fw-flex fw-flex-wrap fw-gap-[4px] fw-items-center fw-px-0 fw-pb-[10px] empty:fw-hidden"></div><div class="ProductUnit_productNameV2__cV9cw">락토핏 다이어트 유산균 60p, 120g, 1개</div><div class="PriceArea_priceArea__NntJz"><div class="custom-oos fw-mb-[1px] fw-flex fw-flex-wrap fw-items-center fw-gap-x-[4px] fw-gap-y-[1px]"><del class="custom-oos fw-text-[12px]/[14px] fw-line-through fw-text-bluegray-600">25,900원</del></div><div class="custom-oos"><div class="custom-oos fw-flex fw-flex-wrap fw-items-center fw-gap-y-[1px]"><div class="custom-oos fw-mr-[2px] fw-text-[14px] fw-font-bold fw-text-bluegray-900">45<!-- -->%</div><div class="custom-oos fw-text-[20px]/[24px] fw-font-bold fw-mr-[4px] fw-text-bluegray-900">14,000원</div><span class="custom-oos fw-text-[12px]/[15px] fw-text-bluegray-900">(<!-- -->10g당 1,167원<!-- -->)</span></div></div></div><div class="fw-text-[14px] [&amp;&gt;div]:fw-pt-[8px]"><div class="fw-flex fw-flex-wrap fw-gap-[4px] fw-items-center"><div class="fw-flex fw-flex-wrap fw-gap-[4px] fw-items-center"><div class="ImageBadge_default__JWaYp"><img class="custom-oos" src="https://image.coupangcdn.com/image/rds/delivery_badge_ext/badge_1998ab96bf7.png" alt="" loading="lazy"></div></div><div class="fw-leading-[15px]"><span style="color:#008C00;font-size:12px">내일(금) </span><span style="color:#008C00;font-size:12px">도착 보장</span></div></div><div class="!fw-pt-[4px] fw-leading-[15px]"><span style="color:#454F5B;font-weight:bold;font-size:12px">와우는 </span><span style="color:#454F5B;font-size:12px">무료배송 ∙ 무료반품</span></div></div><div class="ProductRating_productRating__jjf7W"><span class="ProductRating_rating__lMxS9"><div class="ProductRating_star__RGSlV" style="width:90%">4.5</div></span><span class="ProductRating_ratingCount__R0Vhz">(<!-- -->6209<!-- -->)</span></div><div class="fw-pt-[10px] "><div class="BenefitBadge_cash-benefit__SmkrN"><div><img src="https://image.coupangcdn.com/image/badges/cashback/web/list-cash-icon@2x.png" alt="최대 700원 적립" loading="lazy"><span>최대 700원 적립</span></div></div></div><span class="RankMark_rank5__dMan9">5</span></div></a></li><li class="ProductUnit_productUnit__Qd6sv" data-id="85023806746"><a href="/vp/products/5498533952?itemId=22783302848&amp;vendorItemId=85023806746&amp;q=유산균&amp;searchId=1a76afe61280463&amp;sourceType=search&amp;itemsCount=36&amp;searchRank=6&amp;rank=6" target="_blank"><figure class="ProductUnit_productImage__Mqcg1"><img alt="락토핏 생유산균 코어, 120g, 1개" loading="lazy" width="230" height="230" decoding="async" data-nimg="1" style="color:transparent" src="https://thumbnail.coupangcdn.com/thumbnails/remote/320x320ex/image/retail/images/10902821438179-ce51c297-fcc7-4c8f-b85b-57c05b7ded90.jpg" data-load-time-start="1632" data-load-time-end="1701.3999999910593" data-load-time="1701.3999999910593"></figure><div class="ProductUnit_productInfo__1l0il"><div class="fw-flex fw-flex-wrap fw-gap-[4px] fw-items-center fw-px-0 fw-py-[10px]"></div><div class="fw-flex fw-flex-wrap fw-gap-[4px] fw-items-center fw-px-0 fw-pb-[10px] empty:fw-hidden"></div><div class="ProductUnit_productNameV2__cV9cw">락토핏 생유산균 코어, 120g, 1개</div><div class="PriceArea_priceArea__NntJz"><div class="custom-oos"><div class="custom-oos fw-flex fw-flex-wrap fw-items-center fw-gap-y-[1px]"><div class="custom-oos fw-text-[20px]/[24px] fw-font-bold fw-mr-[4px] fw-text-bluegray-900">13,100원</div><span class="custom-oos fw-text-[12px]/[15px] fw-text-bluegray-900">(<!-- -->10g당 1,092원<!-- -->)</span></div></div></div><div class="fw-text-[14px] [&amp;&gt;div]:fw-pt-[8px]"><div class="fw-flex fw-flex-wrap fw-gap-[4px] fw-items-center"><div class="fw-flex fw-flex-wrap fw-gap-[4px] fw-items-center"><div class="ImageBadge_default__JWaYp"><img class="custom-oos" src="https://image.coupangcdn.com/image/rds/delivery_badge_ext/badge_1998ab96bf7.png" alt="" loading="lazy"></div></div><div class="fw-leading-[15px]"><span style="color:#008C00;font-size:12px">내일(금) </span><span style="color:#008C00;font-size:12px">도착 보장</span></div></div><div class="!fw-pt-[4px] fw-leading-[15px]"><span style="color:#454F5B;font-weight:bold;font-size:12px">와우는 </span><span style="color:#454F5B;font-size:12px">무료배송 ∙ 무료반품 ∙ 새벽도착</span></div></div><div class="ProductRating_productRating__jjf7W"><span class="ProductRating_rating__lMxS9"><div class="ProductRating_star__RGSlV" style="width:100%">5</div></span><span class="ProductRating_ratingCount__R0Vhz">(<!-- -->70106<!-- -->)</span></div><div class="fw-pt-[10px] "><div class="BenefitBadge_cash-benefit__SmkrN"><div><img src="https://image.coupangcdn.com/image/badges/cashback/web/list-cash-icon@2x.png" alt="최대 655원 적립" loading="lazy"><span>최대 655원 적립</span></div></div></div><span class="RankMark_rank6__wNkmK">6</span></div></a></li><li class="ProductUnit_productUnit__Qd6sv" data-id="85093994017"><a href="/vp/products/5498533952?itemId=16458772581&amp;vendorItemId=85093994017&amp;q=유산균&amp;searchId=1a76afe61280463&amp;sourceType=search&amp;itemsCount=36&amp;searchRank=7&amp;rank=7" target="_blank"><figure class="ProductUnit_productImage__Mqcg1"><img alt="락토핏 코어 유산균 60p, 120g, 3개" loading="lazy" width="230" height="230" decoding="async" data-nimg="1" style="color:transparent" src="https://thumbnail.coupangcdn.com/thumbnails/remote/320x320ex/image/retail/images/80970227276300-7e8fe67a-1a97-4ed1-93da-9e3c5bda345f.jpg" data-load-time-start="1632.0999999940395" data-load-time-end="1707.0999999940395" data-load-time="1707.0999999940395"></figure><div class="ProductUnit_productInfo__1l0il"><div class="fw-flex fw-flex-wrap fw-gap-[4px] fw-items-center fw-px-0 fw-py-[10px]"><div class="TextBadge_benefit__bkexk" data-badge-type="benefit">와우 90원 캐시 적립</div></div><div class="fw-flex fw-flex-wrap fw-gap-[4px] fw-items-center fw-px-0 fw-pb-[10px] empty:fw-hidden"></div><div class="ProductUnit_productNameV2__cV9cw">락토핏 코어 유산균 60p, 120g, 3개</div><div class="PriceArea_priceArea__NntJz"><div class="custom-oos"><div class="custom-oos fw-flex fw-flex-wrap fw-items-center fw-gap-y-[1px]"><div class="custom-oos fw-text-[20px]/[24px] fw-font-bold fw-mr-[4px] fw-text-bluegray-900">32,200원</div><span class="custom-oos fw-text-[12px]/[15px] fw-text-bluegray-900">(<!-- -->10g당 894원<!-- -->)</span></div></div></div><div class="fw-text-[14px] [&amp;&gt;div]:fw-pt-[8px]"><div class="fw-flex fw-flex-wrap fw-gap-[4px] fw-items-center"><div class="fw-flex fw-flex-wrap fw-gap-[4px] fw-items-center"><div class="ImageBadge_default__JWaYp"><img class="custom-oos" src="https://image.coupangcdn.com/image/rds/delivery_badge_ext/badge_1998ab96bf7.png" alt="" loading="lazy"></div></div><div class="fw-leading-[15px]"><span style="color:#008C00;font-size:12px">내일(금) </span><span style="color:#008C00;font-size:12px">도착 보장</span></div></div><div class="!fw-pt-[4px] fw-leading-[15px]"><span style="color:#454F5B;font-weight:bold;font-size:12px">무료배송</span></div></div><div class="ProductRating_productRating__jjf7W"><span class="ProductRating_rating__lMxS9"><div class="ProductRating_star__RGSlV" style="width:100%">5</div></span><span class="ProductRating_ratingCount__R0Vhz">(<!-- -->70106<!-- -->)</span></div><div class="fw-pt-[10px] "><div class="BenefitBadge_cash-benefit__SmkrN"><div><img src="https://image.coupangcdn.com/image/badges/cashback/web/list-cash-icon@2x.png" alt="최대 1,610원 적립" loading="lazy"><span>최대 1,610원 적립</span></div></div></div><span class="RankMark_rank7__2F_6B">7</span></div></a></li><li class="ProductUnit_productUnit__Qd6sv" data-id="83397339509"><a href="/vp/products/7201469545?itemId=18204315043&amp;vendorItemId=83397339509&amp;q=유산균&amp;searchId=1a76afe61280463&amp;sourceType=search&amp;itemsCount=36&amp;searchRank=8&amp;rank=8" target="_blank"><figure class="ProductUnit_productImage__Mqcg1"><img alt="락토핏 생유산균 키즈, 120g, 1개" loading="lazy" width="230" height="230" decoding="async" data-nimg="1" style="color:transparent" src="https://thumbnail.coupangcdn.com/thumbnails/remote/320x320ex/image/vendor_inventory/9922/e0bba215dce8a08833ca58e58fac4ee321255d7dc1950fc83110926737de.jpg"></figure><div class="ProductUnit_productInfo__1l0il"><div class="fw-flex fw-flex-wrap fw-gap-[4px] fw-items-center fw-px-0 fw-py-[10px]"></div><div class="fw-flex fw-flex-wrap fw-gap-[4px] fw-items-center fw-px-0 fw-pb-[10px] empty:fw-hidden"></div><div class="ProductUnit_productNameV2__cV9cw">락토핏 생유산균 키즈, 120g, 1개</div><div class="PriceArea_priceArea__NntJz"><div class="custom-oos"><div class="custom-oos fw-flex fw-flex-wrap fw-items-center fw-gap-y-[1px]"><div class="custom-oos fw-text-[20px]/[24px] fw-font-bold fw-mr-[4px] fw-text-bluegray-900">12,990원</div><span class="custom-oos fw-text-[12px]/[15px] fw-text-bluegray-900">(<!-- -->10g당 1,083원<!-- -->)</span></div></div></div><div class="fw-text-[14px] [&amp;&gt;div]:fw-pt-[8px]"><div class="fw-flex fw-flex-wrap fw-gap-[4px] fw-items-center"><div class="fw-flex fw-flex-wrap fw-gap-[4px] fw-items-center"><div class="ImageBadge_default__JWaYp"><img class="custom-oos" src="https://image.coupangcdn.com/image/rds/delivery_badge_ext/badge_1998ab96bf7.png" alt="" loading="lazy"></div></div><div class="fw-leading-[15px]"><span style="color:#008C00;font-size:12px">내일(금) </span><span style="color:#008C00;font-size:12px">도착 보장</span></div></div><div class="!fw-pt-[4px] fw-leading-[15px]"><span style="color:#454F5B;font-weight:bold;font-size:12px">와우는 </span><span style="color:#454F5B;font-size:12px">무료배송 ∙ 무료반품 ∙ 새벽도착</span></div></div><div class="ProductRating_productRating__jjf7W"><span class="ProductRating_rating__lMxS9"><div class="ProductRating_star__RGSlV" style="width:100%">5</div></span><span class="ProductRating_ratingCount__R0Vhz">(<!-- -->63405<!-- -->)</span></div><div class="fw-pt-[10px] "><div class="BenefitBadge_cash-benefit__SmkrN"><div><img src="https://image.coupangcdn.com/image/badges/cashback/web/list-cash-icon@2x.png" alt="최대 650원 적립" loading="lazy"><span>최대 650원 적립</span></div></div></div><span class="RankMark_rank8__qbDbk">8</span></div></a></li><li class="ProductUnit_productUnit__Qd6sv" data-id="4637889521"><a href="/vp/products/7458810098?itemId=16339998701&amp;vendorItemId=4637889521&amp;q=유산균&amp;searchId=1a76afe61280463&amp;sourceType=search&amp;itemsCount=36&amp;searchRank=9&amp;rank=9" target="_blank"><figure class="ProductUnit_productImage__Mqcg1"><img alt="락토핏 골드 80포, 160g, 2개" loading="lazy" width="230" height="230" decoding="async" data-nimg="1" style="color:transparent" src="https://thumbnail.coupangcdn.com/thumbnails/remote/320x320ex/image/retail/images/13385630180121-4b8408af-e74a-4483-91b5-2213bf218110.jpg"></figure><div class="ProductUnit_productInfo__1l0il"><div class="fw-flex fw-flex-wrap fw-gap-[4px] fw-items-center fw-px-0 fw-py-[10px]"></div><div class="fw-flex fw-flex-wrap fw-gap-[4px] fw-items-center fw-px-0 fw-pb-[10px] empty:fw-hidden"></div><div class="ProductUnit_productNameV2__cV9cw">락토핏 골드 80포, 160g, 2개</div><div class="PriceArea_priceArea__NntJz"><div class="custom-oos fw-mb-[1px] fw-flex fw-flex-wrap fw-items-center fw-gap-x-[4px] fw-gap-y-[1px]"><del class="custom-oos fw-text-[12px]/[14px] fw-line-through fw-text-bluegray-600">57,000원</del></div><div class="custom-oos"><div class="custom-oos fw-flex fw-flex-wrap fw-items-center fw-gap-y-[1px]"><div class="custom-oos fw-mr-[2px] fw-text-[14px] fw-font-bold fw-text-bluegray-900">39<!-- -->%</div><div class="custom-oos fw-text-[20px]/[24px] fw-font-bold fw-mr-[4px] fw-text-bluegray-900">34,500원</div><span class="custom-oos fw-text-[12px]/[15px] fw-text-bluegray-900">(<!-- -->10g당 1,078원<!-- -->)</span></div></div></div><div class="fw-text-[14px] [&amp;&gt;div]:fw-pt-[8px]"><div class="fw-flex fw-flex-wrap fw-gap-[4px] fw-items-center"><div class="fw-flex fw-flex-wrap fw-gap-[4px] fw-items-center"><div class="ImageBadge_default__JWaYp"><img class="custom-oos" src="https://image.coupangcdn.com/image/rds/delivery_badge_ext/badge_1998ab96bf7.png" alt="" loading="lazy"></div></div><div class="fw-leading-[15px]"><span style="color:#008C00;font-size:12px">내일(금) </span><span style="color:#008C00;font-size:12px">도착 보장</span></div></div><div class="!fw-pt-[4px] fw-leading-[15px]"><span style="color:#454F5B;font-weight:bold;font-size:12px">무료배송</span></div></div><div class="ProductRating_productRating__jjf7W"><span class="ProductRating_rating__lMxS9"><div class="ProductRating_star__RGSlV" style="width:100%">5</div></span><span class="ProductRating_ratingCount__R0Vhz">(<!-- -->212428<!-- -->)</span></div><div class="fw-pt-[10px] "><div class="BenefitBadge_cash-benefit__SmkrN"><div><img src="https://image.coupangcdn.com/image/badges/cashback/web/list-cash-icon@2x.png" alt="최대 1,725원 적립" loading="lazy"><span>최대 1,725원 적립</span></div></div></div><span class="RankMark_rank9__svMBv">9</span></div></a></li><li class="ProductUnit_productUnit__Qd6sv" data-id="3265972233"><a href="/vp/products/2638550?itemId=12788104766&amp;vendorItemId=3265972233&amp;q=유산균&amp;searchId=1a76afe61280463&amp;sourceType=search&amp;itemsCount=36&amp;searchRank=10&amp;rank=10" target="_blank"><figure class="ProductUnit_productImage__Mqcg1"><img alt="나우푸드 프로바이오틱-10 유산균 250억 베지 캡슐, 100정, 1개" loading="lazy" width="230" height="230" decoding="async" data-nimg="1" style="color:transparent" src="https://thumbnail.coupangcdn.com/thumbnails/remote/320x320ex/image/vendor_inventory/3cea/856ea503f7203b87b85416f873f0486cf04f3f89ab7087fc11724e11c91e.jpg"></figure><div class="ProductUnit_productInfo__1l0il"><div class="fw-flex fw-flex-wrap fw-gap-[4px] fw-items-center fw-px-0 fw-py-[10px]"></div><div class="fw-flex fw-flex-wrap fw-gap-[4px] fw-items-center fw-px-0 fw-pb-[10px] empty:fw-hidden"></div><div class="ProductUnit_productNameV2__cV9cw">나우푸드 프로바이오틱-10 유산균 250억 베지 캡슐, 100정, 1개</div><div class="PriceArea_priceArea__NntJz"><div class="custom-oos fw-mb-[1px] fw-flex fw-flex-wrap fw-items-center fw-gap-x-[4px] fw-gap-y-[1px]"><span class="custom-oos fw-text-[13px]/[16px] fw-break-all fw-text-red-700">할인</span><del class="custom-oos fw-text-[12px]/[14px] fw-line-through fw-text-bluegray-600">53,990원</del></div><div class="custom-oos"><div class="custom-oos fw-flex fw-flex-wrap fw-items-center fw-gap-y-[1px]"><div class="custom-oos fw-flex fw-items-center"><div class="custom-oos fw-flex fw-items-center fw-pl-[4px] fw-h-[20px] fw-text-[14px] fw-font-bold fw-text-white fw-bg-red-700 fw-z-[2]"><span class="custom-oos fw-translate-y-[1px]">41<!-- -->%</span></div><svg class="fw-block fw-ml-[-1px] fw-w-[11px] fw-h-[20px] fw-z-[1]" xmlns="http://www.w3.org/2000/svg" width="11" height="20" viewBox="0 0 11 20" fill="none"><path d="M11 0L3.78947 18.1083C3.33465 19.2505 2.22944 20 1 20H0V10V0H11Z" fill="#CB1400"></path></svg></div><div class="custom-oos fw-text-[20px]/[24px] fw-font-bold fw-mr-[4px] fw-text-red-700">31,790원</div><span class="custom-oos fw-text-[12px]/[15px] fw-text-red-700">(<!-- -->1정당 318원<!-- -->)</span></div></div></div><div class="fw-text-[14px] [&amp;&gt;div]:fw-pt-[8px]"><div class="fw-flex fw-flex-wrap fw-gap-[4px] fw-items-center"><div class="fw-flex fw-flex-wrap fw-gap-[4px] fw-items-center"><span class="fw-text-[14px] fw-text-bluegray-900">미국</span><div class="ImageBadge_default__JWaYp"><img class="custom-oos" src="https://image.coupangcdn.com/image/coupang/rds/logo/xhdpi/logo_jikgu_medium.png" alt="" loading="lazy"></div></div><div class="fw-leading-[15px]"><span style="color:#212B36;font-size:12px">11/23(일) </span><span style="color:#212B36;font-size:12px">도착 예정</span></div></div><div class="!fw-pt-[4px] fw-leading-[15px]"><span style="color:#454F5B;font-weight:bold;font-size:12px">무료배송</span></div></div><div class="ProductRating_productRating__jjf7W"><span class="ProductRating_rating__lMxS9"><div class="ProductRating_star__RGSlV" style="width:100%">5</div></span><span class="ProductRating_ratingCount__R0Vhz">(<!-- -->15865<!-- -->)</span></div><div class="fw-pt-[10px] "><div class="BenefitBadge_cash-benefit__SmkrN"><div><img src="https://image.coupangcdn.com/image/badges/cashback/web/list-cash-icon@2x.png" alt="최대 1,590원 적립" loading="lazy"><span>최대 1,590원 적립</span></div></div></div><span class="RankMark_rank10__uI_bT">10</span></div></a></li><li class="ProductUnit_productUnit__Qd6sv" data-id="4635121437"><a href="/vp/products/7458810098?itemId=19378973001&amp;vendorItemId=4635121437&amp;q=유산균&amp;searchId=1a76afe61280463&amp;sourceType=search&amp;itemsCount=36&amp;searchRank=11&amp;rank=11" target="_blank"><figure class="ProductUnit_productImage__Mqcg1"><img alt="락토핏 골드 80포, 160g, 3개" loading="lazy" width="230" height="230" decoding="async" data-nimg="1" style="color:transparent" src="https://thumbnail.coupangcdn.com/thumbnails/remote/320x320ex/image/retail/images/13419273053982-0e50b8b0-6f0f-4813-9331-12c818f54c69.jpg"></figure><div class="ProductUnit_productInfo__1l0il"><div class="fw-flex fw-flex-wrap fw-gap-[4px] fw-items-center fw-px-0 fw-py-[10px]"></div><div class="fw-flex fw-flex-wrap fw-gap-[4px] fw-items-center fw-px-0 fw-pb-[10px] empty:fw-hidden"></div><div class="ProductUnit_productNameV2__cV9cw">락토핏 골드 80포, 160g, 3개</div><div class="PriceArea_priceArea__NntJz"><div class="custom-oos fw-mb-[1px] fw-flex fw-flex-wrap fw-items-center fw-gap-x-[4px] fw-gap-y-[1px]"><del class="custom-oos fw-text-[12px]/[14px] fw-line-through fw-text-bluegray-600">85,500원</del></div><div class="custom-oos"><div class="custom-oos fw-flex fw-flex-wrap fw-items-center fw-gap-y-[1px]"><div class="custom-oos fw-mr-[2px] fw-text-[14px] fw-font-bold fw-text-bluegray-900">43<!-- -->%</div><div class="custom-oos fw-text-[20px]/[24px] fw-font-bold fw-mr-[4px] fw-text-bluegray-900">48,500원</div><span class="custom-oos fw-text-[12px]/[15px] fw-text-bluegray-900">(<!-- -->10g당 1,010원<!-- -->)</span></div></div></div><div class="fw-text-[14px] [&amp;&gt;div]:fw-pt-[8px]"><div class="fw-flex fw-flex-wrap fw-gap-[4px] fw-items-center"><div class="fw-flex fw-flex-wrap fw-gap-[4px] fw-items-center"><div class="ImageBadge_default__JWaYp"><img class="custom-oos" src="https://image.coupangcdn.com/image/rds/delivery_badge_ext/badge_1998ab96bf7.png" alt="" loading="lazy"></div></div><div class="fw-leading-[15px]"><span style="color:#008C00;font-size:12px">내일(금) </span><span style="color:#008C00;font-size:12px">도착 보장</span></div></div><div class="!fw-pt-[4px] fw-leading-[15px]"><span style="color:#454F5B;font-weight:bold;font-size:12px">무료배송</span></div></div><div class="ProductRating_productRating__jjf7W"><span class="ProductRating_rating__lMxS9"><div class="ProductRating_star__RGSlV" style="width:100%">5</div></span><span class="ProductRating_ratingCount__R0Vhz">(<!-- -->212428<!-- -->)</span></div><div class="fw-pt-[10px] "><div class="BenefitBadge_cash-benefit__SmkrN"><div><img src="https://image.coupangcdn.com/image/badges/cashback/web/list-cash-icon@2x.png" alt="최대 2,425원 적립" loading="lazy"><span>최대 2,425원 적립</span></div></div></div></div></a></li><li class="best-seller"><div class="title"><span>베스트셀러</span></div><h2>최근 다른 고객이 많이 구매한 상품</h2><div class="sdw-carousel"><div class="container"><button class="prevBtn" title="이전 상품 보기">이전 상품 보기</button><div class="list"><ul class="sdw-carousel-list" style="transform:translateX(0px);transition:transform 0.5s"><li><a href="/vp/products/186444869?itemId=533074590&amp;vendorItemId=4389019999&amp;sourceType=SDW_TOP_SELLING_WIDGET_V2&amp;searchId=1a76afe61280463&amp;q=유산균" target="_blank"><figure class="ProductUnit_productImage__Mqcg1"><img alt="비타할로 온가족 생 유산균, 200g, 1개" loading="lazy" width="230" height="230" decoding="async" data-nimg="1" style="color:transparent" src="https://thumbnail.coupangcdn.com/thumbnails/remote/230x230ex/image/retail/images/1057878416854378-edd9dbb3-62c6-48a4-ab81-a83395d773dd.jpg"></figure><div class="ProductUnit_productInfo__1l0il"><div class="fw-flex fw-flex-wrap fw-gap-[4px] fw-items-center fw-px-0 fw-py-[10px]"></div><div class="fw-flex fw-flex-wrap fw-gap-[4px] fw-items-center fw-px-0 fw-pb-[10px] empty:fw-hidden"></div><div class="ProductUnit_productNameV2__cV9cw">비타할로 온가족 생 유산균, 200g, 1개</div><div class="PriceArea_priceArea__NntJz"><span class="PriceInfo_priceInfo__VARjb"><span class="PriceInfo_discountRate__EsQ8I">32<!-- -->%</span><del class="PriceInfo_basePrice__8BQ32">19,800원</del></span><div class="Price_price__tegCy"><div class="Price_salePrice__P6Mfd"><div><strong class="Price_priceValue__A4KOr">13,390원</strong></div><div class="ImageBadge_default__JWaYp"><img src="https://image.coupangcdn.com/image/rds/delivery_badge_ext/badge_1998ab96bf7.png" alt="로켓배송" loading="lazy"></div></div><span class="UnitPrice_unitPrice__R_ZcA">(<!-- -->10g당 670원<!-- -->)</span></div></div><div class="DeliveryInfo_delivery__c7z4P"><div><span style="color:#008C00;font-size:14px">내일(금) </span><span style="color:#008C00;font-size:14px">도착 보장</span></div></div><div class="ProductRating_productRating__jjf7W"><span class="ProductRating_rating__lMxS9"><div class="ProductRating_star__RGSlV" style="width:100%">5</div></span><span class="ProductRating_ratingCount__R0Vhz">(<!-- -->46348<!-- -->)</span></div><div class="fw-pt-[10px] "><div class="BenefitBadge_cash-benefit__SmkrN"><div><img src="https://image.coupangcdn.com/image/badges/cashback/web/list-cash-icon@2x.png" alt="최대 670원 적립" loading="lazy"><span>최대 670원 적립</span></div></div></div></div></a></li><li><a href="/vp/products/60790169?itemId=208480510&amp;vendorItemId=3028098503&amp;sourceType=SDW_TOP_SELLING_WIDGET_V2&amp;searchId=1a76afe61280463&amp;q=유산균" target="_blank"><figure class="ProductUnit_productImage__Mqcg1"><img alt="헬스프랜드 캐나다 프로바이오틱스 생유산균 500억투입 100억보장 2개월분 유산균, 60정, 30g, 1개" loading="lazy" width="230" height="230" decoding="async" data-nimg="1" style="color:transparent" src="https://thumbnail.coupangcdn.com/thumbnails/remote/230x230ex/image/vendor_inventory/image_audit/prod/b940bed8-fee0-48e9-a815-e19d5b95f91a_composition_base_0.png"></figure><div class="ProductUnit_productInfo__1l0il"><div class="fw-flex fw-flex-wrap fw-gap-[4px] fw-items-center fw-px-0 fw-py-[10px]"><div class="TextBadge_delivery__STgTC" data-badge-type="delivery">무료배송</div></div><div class="fw-flex fw-flex-wrap fw-gap-[4px] fw-items-center fw-px-0 fw-pb-[10px] empty:fw-hidden"></div><div class="ProductUnit_productNameV2__cV9cw">헬스프랜드 캐나다 프로바이오틱스 생유산균 500억투입 100억보장 2개월분 유산균, 60정, 30g, 1개</div><div class="PriceArea_priceArea__NntJz"><div class="Price_price__tegCy"><div class="Price_salePrice__P6Mfd"><div><strong class="Price_priceValue__A4KOr">16,740원</strong></div></div><span class="UnitPrice_unitPrice__R_ZcA">(<!-- -->1정당 279원<!-- -->)</span></div></div><div class="DeliveryInfo_delivery__c7z4P"><div><span style="color:#212B36;font-size:14px">모레(토) </span><span style="color:#212B36;font-size:14px">도착 예정</span></div></div><div class="ProductRating_productRating__jjf7W"><span class="ProductRating_rating__lMxS9"><div class="ProductRating_star__RGSlV" style="width:90%">4.5</div></span><span class="ProductRating_ratingCount__R0Vhz">(<!-- -->1902<!-- -->)</span></div><div class="fw-pt-[10px] "><div class="BenefitBadge_cash-benefit__SmkrN"><div><img src="https://image.coupangcdn.com/image/badges/cashback/web/list-cash-icon@2x.png" alt="최대 837원 적립" loading="lazy"><span>최대 837원 적립</span></div></div></div></div></a></li><li><a href="/vp/products/186447485?itemId=533081930&amp;vendorItemId=4389037684&amp;sourceType=SDW_TOP_SELLING_WIDGET_V2&amp;searchId=1a76afe61280463&amp;q=유산균" target="_blank"><figure class="ProductUnit_productImage__Mqcg1"><img alt="비타할로 프리바이오틱스, 5g, 30개" loading="lazy" width="230" height="230" decoding="async" data-nimg="1" style="color:transparent" src="https://thumbnail.coupangcdn.com/thumbnails/remote/230x230ex/image/retail/images/711358780799106-1042b26a-7fd5-4f31-af18-cca0a299f3f5.jpg"></figure><div class="ProductUnit_productInfo__1l0il"><div class="fw-flex fw-flex-wrap fw-gap-[4px] fw-items-center fw-px-0 fw-py-[10px]"></div><div class="fw-flex fw-flex-wrap fw-gap-[4px] fw-items-center fw-px-0 fw-pb-[10px] empty:fw-hidden"></div><div class="ProductUnit_productNameV2__cV9cw">비타할로 프리바이오틱스, 5g, 30개</div><div class="PriceArea_priceArea__NntJz"><span class="PriceInfo_priceInfo__VARjb"><span class="PriceInfo_discountRate__EsQ8I">58<!-- -->%</span><del class="PriceInfo_basePrice__8BQ32">12,500원</del></span><div class="Price_price__tegCy"><div class="Price_salePrice__P6Mfd"><div><strong class="Price_priceValue__A4KOr">5,220원</strong></div><div class="ImageBadge_default__JWaYp"><img src="https://image.coupangcdn.com/image/rds/delivery_badge_ext/badge_1998ab96bf7.png" alt="로켓배송" loading="lazy"></div></div><span class="UnitPrice_unitPrice__R_ZcA">(<!-- -->10g당 348원<!-- -->)</span></div></div><div class="DeliveryInfo_delivery__c7z4P"><div><span style="color:#008C00;font-size:14px">내일(금) </span><span style="color:#008C00;font-size:14px">도착 보장</span></div></div><div class="ProductRating_productRating__jjf7W"><span class="ProductRating_rating__lMxS9"><div class="ProductRating_star__RGSlV" style="width:90%">4.5</div></span><span class="ProductRating_ratingCount__R0Vhz">(<!-- -->21549<!-- -->)</span></div><div class="fw-pt-[10px] "><div class="BenefitBadge_cash-benefit__SmkrN"><div><img src="https://image.coupangcdn.com/image/badges/cashback/web/list-cash-icon@2x.png" alt="최대 261원 적립" loading="lazy"><span>최대 261원 적립</span></div></div></div></div></a></li><li><a href="/vp/products/78668006?itemId=253747091&amp;vendorItemId=3617842725&amp;sourceType=SDW_TOP_SELLING_WIDGET_V2&amp;searchId=1a76afe61280463&amp;q=유산균" target="_blank"><figure class="ProductUnit_productImage__Mqcg1"><img alt="에버그린 킹 프리미엄 프로바이오틱스, 60정, 1개" loading="lazy" width="230" height="230" decoding="async" data-nimg="1" style="color:transparent" src="https://thumbnail.coupangcdn.com/thumbnails/remote/230x230ex/image/retail/images/2018/04/05/18/9/20bfecd1-9220-43c6-81aa-8168d0d44e29.jpg"></figure><div class="ProductUnit_productInfo__1l0il"><div class="fw-flex fw-flex-wrap fw-gap-[4px] fw-items-center fw-px-0 fw-py-[10px]"></div><div class="fw-flex fw-flex-wrap fw-gap-[4px] fw-items-center fw-px-0 fw-pb-[10px] empty:fw-hidden"></div><div class="ProductUnit_productNameV2__cV9cw">에버그린 킹 프리미엄 프로바이오틱스, 60정, 1개</div><div class="PriceArea_priceArea__NntJz"><div class="Price_price__tegCy"><div class="Price_salePrice__P6Mfd"><div><strong class="Price_priceValue__A4KOr">24,550원</strong></div><div class="ImageBadge_default__JWaYp"><img src="https://image.coupangcdn.com/image/rds/delivery_badge_ext/badge_1998ab96bf7.png" alt="로켓배송" loading="lazy"></div></div><span class="UnitPrice_unitPrice__R_ZcA">(<!-- -->1정당 409원<!-- -->)</span></div></div><div class="DeliveryInfo_delivery__c7z4P"><div><span style="color:#008C00;font-size:14px">내일(금) </span><span style="color:#008C00;font-size:14px">도착 보장</span></div></div><div class="ProductRating_productRating__jjf7W"><span class="ProductRating_rating__lMxS9"><div class="ProductRating_star__RGSlV" style="width:90%">4.5</div></span><span class="ProductRating_ratingCount__R0Vhz">(<!-- -->3538<!-- -->)</span></div><div class="fw-pt-[10px] "><div class="BenefitBadge_cash-benefit__SmkrN"><div><img src="https://image.coupangcdn.com/image/badges/cashback/web/list-cash-icon@2x.png" alt="최대 1,228원 적립" loading="lazy"><span>최대 1,228원 적립</span></div></div></div></div></a></li><li><a href="/vp/products/3239506?itemId=14967051&amp;vendorItemId=3273090305&amp;sourceType=SDW_TOP_SELLING_WIDGET_V2&amp;searchId=1a76afe61280463&amp;q=유산균" target="_blank"><figure class="ProductUnit_productImage__Mqcg1"><img alt="스완슨 락토바실러스 액시도필러스 1 빌리언 CFU 캡슐, 250정, 1개" loading="lazy" width="230" height="230" decoding="async" data-nimg="1" style="color:transparent" src="https://thumbnail.coupangcdn.com/thumbnails/remote/230x230ex/image/vendor_inventory/668c/ec81b815c87f5e6b64106349bc6d5c4d815153cde0329847150f93a6f16e.jpg"></figure><div class="ProductUnit_productInfo__1l0il"><div class="fw-flex fw-flex-wrap fw-gap-[4px] fw-items-center fw-px-0 fw-py-[10px]"></div><div class="fw-flex fw-flex-wrap fw-gap-[4px] fw-items-center fw-px-0 fw-pb-[10px] empty:fw-hidden"></div><div class="ProductUnit_productNameV2__cV9cw">스완슨 락토바실러스 액시도필러스 1 빌리언 CFU 캡슐, 250정, 1개</div><div class="PriceArea_priceArea__NntJz"><span class="PriceInfo_priceInfo__VARjb"><span class="PriceInfo_discountText__CbrBn">할인</span><span class="PriceInfo_discountRate__EsQ8I">31<!-- -->%</span><del class="PriceInfo_basePrice__8BQ32">20,690원</del></span><div class="Price_price__tegCy"><div class="Price_salePrice__P6Mfd"><div><strong class="Price_priceValue__A4KOr">14,270원</strong></div><div class="ImageBadge_default__JWaYp"><img src="https://image.coupangcdn.com/image/delivery_badge/default/pc/global_b/global_b.png" alt="로켓직구" loading="lazy"></div></div><span class="UnitPrice_unitPrice__R_ZcA">(<!-- -->1정당 57원<!-- -->)</span></div></div><div class="DeliveryInfo_delivery__c7z4P"><div><span style="color:#212B36;font-size:14px">11/23(일) </span><span style="color:#212B36;font-size:14px">도착 예정</span></div></div><div class="ProductRating_productRating__jjf7W"><span class="ProductRating_rating__lMxS9"><div class="ProductRating_star__RGSlV" style="width:90%">4.5</div></span><span class="ProductRating_ratingCount__R0Vhz">(<!-- -->1293<!-- -->)</span></div><div class="fw-pt-[10px] "><div class="BenefitBadge_cash-benefit__SmkrN"><div><img src="https://image.coupangcdn.com/image/badges/cashback/web/list-cash-icon@2x.png" alt="최대 714원 적립" loading="lazy"><span>최대 714원 적립</span></div></div></div></div></a></li><li><a href="/vp/products/5379795827?itemId=7988177864&amp;vendorItemId=75277069789&amp;sourceType=SDW_TOP_SELLING_WIDGET_V2&amp;searchId=1a76afe61280463&amp;q=유산균" target="_blank"><figure class="ProductUnit_productImage__Mqcg1"><img alt="드시모네 365 프로바이오틱스 캡슐, 30정, 1개" loading="lazy" width="230" height="230" decoding="async" data-nimg="1" style="color:transparent" src="https://thumbnail.coupangcdn.com/thumbnails/remote/230x230ex/image/retail/images/2021/04/15/14/5/8a896801-91fc-49c3-9db8-40680657d7e6.jpg"></figure><div class="ProductUnit_productInfo__1l0il"><div class="fw-flex fw-flex-wrap fw-gap-[4px] fw-items-center fw-px-0 fw-py-[10px]"></div><div class="fw-flex fw-flex-wrap fw-gap-[4px] fw-items-center fw-px-0 fw-pb-[10px] empty:fw-hidden"></div><div class="ProductUnit_productNameV2__cV9cw">드시모네 365 프로바이오틱스 캡슐, 30정, 1개</div><div class="PriceArea_priceArea__NntJz"><span class="PriceInfo_priceInfo__VARjb"><span class="PriceInfo_discountText__CbrBn">할인</span><span class="PriceInfo_discountRate__EsQ8I">42<!-- -->%</span><del class="PriceInfo_basePrice__8BQ32">48,000원</del></span><div class="Price_price__tegCy"><div class="Price_salePrice__P6Mfd"><div><strong class="Price_priceValue__A4KOr">27,450원</strong></div><div class="ImageBadge_default__JWaYp"><img src="https://image.coupangcdn.com/image/badges/falcon/v1/web/rocket-fresh@2x.png" alt="로켓배송" loading="lazy"></div></div><span class="UnitPrice_unitPrice__R_ZcA">(<!-- -->1정당 915원<!-- -->)</span></div></div><div class="DeliveryInfo_delivery__c7z4P"><div><span style="color:#008C00;font-size:14px">내일(금) 새벽 </span><span style="color:#008C00;font-size:14px">도착 보장</span></div></div><div class="ProductRating_productRating__jjf7W"><span class="ProductRating_rating__lMxS9"><div class="ProductRating_star__RGSlV" style="width:90%">4.5</div></span><span class="ProductRating_ratingCount__R0Vhz">(<!-- -->1461<!-- -->)</span></div><div class="fw-pt-[10px] "><div class="BenefitBadge_cash-benefit__SmkrN"><div><img src="https://image.coupangcdn.com/image/badges/cashback/web/list-cash-icon@2x.png" alt="최대 1,173원 적립" loading="lazy"><span>최대 1,173원 적립</span></div></div></div></div></a></li><li><a href="/vp/products/4655398482?itemId=7827453852&amp;vendorItemId=85692872372&amp;sourceType=SDW_TOP_SELLING_WIDGET_V2&amp;searchId=1a76afe61280463&amp;q=유산균" target="_blank"><figure class="ProductUnit_productImage__Mqcg1"><img alt="뉴네이처 바이탈 프리미엄 프로바이오틱스 유산균, 60정, 3개" loading="lazy" width="230" height="230" decoding="async" data-nimg="1" style="color:transparent" src="https://thumbnail.coupangcdn.com/thumbnails/remote/230x230ex/image/vendor_inventory/65f7/3487847b874a785eba66f1f6f70140e2eba3fffd3c7d483260b4f12e86d3.jpg"></figure><div class="ProductUnit_productInfo__1l0il"><div class="fw-flex fw-flex-wrap fw-gap-[4px] fw-items-center fw-px-0 fw-py-[10px]"></div><div class="fw-flex fw-flex-wrap fw-gap-[4px] fw-items-center fw-px-0 fw-pb-[10px] empty:fw-hidden"></div><div class="ProductUnit_productNameV2__cV9cw">뉴네이처 바이탈 프리미엄 프로바이오틱스 유산균, 60정, 3개</div><div class="PriceArea_priceArea__NntJz"><span class="PriceInfo_priceInfo__VARjb"><span class="PriceInfo_discountText__CbrBn">할인</span><span class="PriceInfo_discountRate__EsQ8I">4<!-- -->%</span><del class="PriceInfo_basePrice__8BQ32">59,770원</del></span><div class="Price_price__tegCy"><div class="Price_salePrice__P6Mfd"><div><strong class="Price_priceValue__A4KOr">56,870원</strong></div><div class="ImageBadge_default__JWaYp"><img src="https://image.coupangcdn.com/image/rds/delivery_badge_ext/badge_199559e56f7.png" alt="로켓배송" loading="lazy"></div></div><span class="UnitPrice_unitPrice__R_ZcA">(<!-- -->1정당 316원<!-- -->)</span></div></div><div class="DeliveryInfo_delivery__c7z4P"><div><span style="color:#008C00;font-size:14px">내일(금) </span><span style="color:#008C00;font-size:14px">도착 보장</span></div></div><div class="ProductRating_productRating__jjf7W"><span class="ProductRating_rating__lMxS9"><div class="ProductRating_star__RGSlV" style="width:90%">4.5</div></span><span class="ProductRating_ratingCount__R0Vhz">(<!-- -->10460<!-- -->)</span></div><div class="fw-pt-[10px] "><div class="BenefitBadge_cash-benefit__SmkrN"><div><img src="https://image.coupangcdn.com/image/badges/cashback/web/list-cash-icon@2x.png" alt="최대 2,844원 적립" loading="lazy"><span>최대 2,844원 적립</span></div></div></div></div></a></li><li><a href="/vp/products/5222670398?itemId=1087807&amp;vendorItemId=3179536588&amp;sourceType=SDW_TOP_SELLING_WIDGET_V2&amp;searchId=1a76afe61280463&amp;q=유산균" target="_blank"><figure class="ProductUnit_productImage__Mqcg1"><img alt="재로우 사카로미세스 보울라디 + MOS 유산균 베지 캡, 180정, 1개" loading="lazy" width="230" height="230" decoding="async" data-nimg="1" style="color:transparent" src="https://thumbnail.coupangcdn.com/thumbnails/remote/230x230ex/image/vendor_inventory/173d/c22769c28a57371119cddff167b61db3a926f001bf9338b8bf04348a67d8.jpg"></figure><div class="ProductUnit_productInfo__1l0il"><div class="fw-flex fw-flex-wrap fw-gap-[4px] fw-items-center fw-px-0 fw-py-[10px]"><div class="TextBadge_delivery__STgTC" data-badge-type="delivery">무료배송</div></div><div class="fw-flex fw-flex-wrap fw-gap-[4px] fw-items-center fw-px-0 fw-pb-[10px] empty:fw-hidden"></div><div class="ProductUnit_productNameV2__cV9cw">재로우 사카로미세스 보울라디 + MOS 유산균 베지 캡, 180정, 1개</div><div class="PriceArea_priceArea__NntJz"><span class="PriceInfo_priceInfo__VARjb"><span class="PriceInfo_discountText__CbrBn">할인</span><span class="PriceInfo_discountRate__EsQ8I">23<!-- -->%</span><del class="PriceInfo_basePrice__8BQ32">59,350원</del></span><div class="Price_price__tegCy"><div class="Price_salePrice__P6Mfd"><div><strong class="Price_priceValue__A4KOr">45,690원</strong></div><div class="ImageBadge_default__JWaYp"><img src="https://image.coupangcdn.com/image/delivery_badge/default/pc/global_b/global_b.png" alt="로켓직구" loading="lazy"></div></div><span class="UnitPrice_unitPrice__R_ZcA">(<!-- -->1정당 254원<!-- -->)</span></div></div><div class="DeliveryInfo_delivery__c7z4P"><div><span style="color:#212B36;font-size:14px">11/23(일) </span><span style="color:#212B36;font-size:14px">도착 예정</span></div></div><div class="ProductRating_productRating__jjf7W"><span class="ProductRating_rating__lMxS9"><div class="ProductRating_star__RGSlV" style="width:100%">5</div></span><span class="ProductRating_ratingCount__R0Vhz">(<!-- -->8273<!-- -->)</span></div><div class="fw-pt-[10px] "><div class="BenefitBadge_cash-benefit__SmkrN"><div><img src="https://image.coupangcdn.com/image/badges/cashback/web/list-cash-icon@2x.png" alt="최대 2,285원 적립" loading="lazy"><span>최대 2,285원 적립</span></div></div></div></div></a></li><li><a href="/vp/products/1524584?itemId=6642130&amp;vendorItemId=91328572220&amp;sourceType=SDW_TOP_SELLING_WIDGET_V2&amp;searchId=1a76afe61280463&amp;q=유산균" target="_blank"><figure class="ProductUnit_productImage__Mqcg1"><img alt="베스트네츄럴스 프로바이오틱 유산균 300억 CFU's 브이캡, 120정, 1개" loading="lazy" width="230" height="230" decoding="async" data-nimg="1" style="color:transparent" src="https://thumbnail.coupangcdn.com/thumbnails/remote/230x230ex/image/vendor_inventory/da5d/35edfcd8a9b508b53c8e84ec0c53b4e96ba2cb490a070a45c13c92b86914.jpg"></figure><div class="ProductUnit_productInfo__1l0il"><div class="fw-flex fw-flex-wrap fw-gap-[4px] fw-items-center fw-px-0 fw-py-[10px]"></div><div class="fw-flex fw-flex-wrap fw-gap-[4px] fw-items-center fw-px-0 fw-pb-[10px] empty:fw-hidden"></div><div class="ProductUnit_productNameV2__cV9cw">베스트네츄럴스 프로바이오틱 유산균 300억 CFU's 브이캡, 120정, 1개</div><div class="PriceArea_priceArea__NntJz"><div class="Price_price__tegCy"><div class="Price_salePrice__P6Mfd"><div><strong class="Price_priceValue__A4KOr">35,000원</strong></div></div><span class="UnitPrice_unitPrice__R_ZcA">(<!-- -->1정당 292원<!-- -->)</span></div></div><div class="DeliveryInfo_delivery__c7z4P"><div><span style="color:#212B36;font-size:14px">11/28 </span><span style="color:#212B36;font-size:14px">도착 예정</span></div></div><div class="ProductRating_productRating__jjf7W"><span class="ProductRating_rating__lMxS9"><div class="ProductRating_star__RGSlV" style="width:90%">4.5</div></span><span class="ProductRating_ratingCount__R0Vhz">(<!-- -->103<!-- -->)</span></div><div class="fw-pt-[10px] "><div class="BenefitBadge_cash-benefit__SmkrN"><div><img src="https://image.coupangcdn.com/image/badges/cashback/web/list-cash-icon@2x.png" alt="최대 1,750원 적립" loading="lazy"><span>최대 1,750원 적립</span></div></div></div></div></a></li><li><a href="/vp/products/1684124279?itemId=2868580380&amp;vendorItemId=70857801806&amp;sourceType=SDW_TOP_SELLING_WIDGET_V2&amp;searchId=1a76afe61280463&amp;q=유산균" target="_blank"><figure class="ProductUnit_productImage__Mqcg1"><img alt="인테로 생유산균 프로바이오틱스 밸런스100, 60정, 30g, 1개" loading="lazy" width="230" height="230" decoding="async" data-nimg="1" style="color:transparent" src="https://thumbnail.coupangcdn.com/thumbnails/remote/230x230ex/image/retail/images/541355186543794-60fadfec-2308-48c1-a038-ba61556f8fce.jpg"></figure><div class="ProductUnit_productInfo__1l0il"><div class="fw-flex fw-flex-wrap fw-gap-[4px] fw-items-center fw-px-0 fw-py-[10px]"><div class="TextBadge_benefit__bkexk" data-badge-type="benefit">135원 캐시 적립</div></div><div class="fw-flex fw-flex-wrap fw-gap-[4px] fw-items-center fw-px-0 fw-pb-[10px] empty:fw-hidden"></div><div class="ProductUnit_productNameV2__cV9cw">인테로 생유산균 프로바이오틱스 밸런스100, 60정, 30g, 1개</div><div class="PriceArea_priceArea__NntJz"><span class="PriceInfo_priceInfo__VARjb"><span class="PriceInfo_discountRate__EsQ8I">41<!-- -->%</span><del class="PriceInfo_basePrice__8BQ32">36,500원</del></span><div class="Price_price__tegCy"><div class="Price_salePrice__P6Mfd"><div><strong class="Price_priceValue__A4KOr">21,420원</strong></div><div class="ImageBadge_default__JWaYp"><img src="https://image.coupangcdn.com/image/rds/delivery_badge_ext/badge_1998ab96bf7.png" alt="로켓배송" loading="lazy"></div></div><span class="UnitPrice_unitPrice__R_ZcA">(<!-- -->1정당 357원<!-- -->)</span></div></div><div class="DeliveryInfo_delivery__c7z4P"><div><span style="color:#008C00;font-size:14px">내일(금) </span><span style="color:#008C00;font-size:14px">도착 보장</span></div></div><div class="ProductRating_productRating__jjf7W"><span class="ProductRating_rating__lMxS9"><div class="ProductRating_star__RGSlV" style="width:100%">5</div></span><span class="ProductRating_ratingCount__R0Vhz">(<!-- -->1332<!-- -->)</span></div><div class="fw-pt-[10px] "><div class="BenefitBadge_cash-benefit__SmkrN"><div><img src="https://image.coupangcdn.com/image/badges/cashback/web/list-cash-icon@2x.png" alt="최대 1,071원 적립" loading="lazy"><span>최대 1,071원 적립</span></div></div></div></div></a></li><li><a href="/vp/products/166478664?itemId=476854268&amp;vendorItemId=4196525332&amp;sourceType=SDW_TOP_SELLING_WIDGET_V2&amp;searchId=1a76afe61280463&amp;q=유산균" target="_blank"><figure class="ProductUnit_productImage__Mqcg1"><img alt="일양약품 신바이오틱스 3000 유산균, 240g, 1개" loading="lazy" width="230" height="230" decoding="async" data-nimg="1" style="color:transparent" src="https://thumbnail.coupangcdn.com/thumbnails/remote/230x230ex/image/vendor_inventory/eee3/ef681ef8b3ec97cecf23e3dcbb20aa03d795497e4d9a657b67dc0a8b8cef.jpg"></figure><div class="ProductUnit_productInfo__1l0il"><div class="fw-flex fw-flex-wrap fw-gap-[4px] fw-items-center fw-px-0 fw-py-[10px]"></div><div class="fw-flex fw-flex-wrap fw-gap-[4px] fw-items-center fw-px-0 fw-pb-[10px] empty:fw-hidden"></div><div class="ProductUnit_productNameV2__cV9cw">일양약품 신바이오틱스 3000 유산균, 240g, 1개</div><div class="PriceArea_priceArea__NntJz"><div class="Price_price__tegCy"><div class="Price_salePrice__P6Mfd"><div><strong class="Price_priceValue__A4KOr">21,900원</strong></div><div class="ImageBadge_default__JWaYp"><img src="https://image.coupangcdn.com/image/rds/delivery_badge_ext/badge_1998ab96bf7.png" alt="로켓배송" loading="lazy"></div></div><span class="UnitPrice_unitPrice__R_ZcA">(<!-- -->10g당 913원<!-- -->)</span></div></div><div class="DeliveryInfo_delivery__c7z4P"><div><span style="color:#008C00;font-size:14px">내일(금) </span><span style="color:#008C00;font-size:14px">도착 보장</span></div></div><div class="ProductRating_productRating__jjf7W"><span class="ProductRating_rating__lMxS9"><div class="ProductRating_star__RGSlV" style="width:90%">4.5</div></span><span class="ProductRating_ratingCount__R0Vhz">(<!-- -->9197<!-- -->)</span></div><div class="fw-pt-[10px] "><div class="BenefitBadge_cash-benefit__SmkrN"><div><img src="https://image.coupangcdn.com/image/badges/cashback/web/list-cash-icon@2x.png" alt="최대 1,095원 적립" loading="lazy"><span>최대 1,095원 적립</span></div></div></div></div></a></li><li><a href="/vp/products/1930079630?itemId=3276606320&amp;vendorItemId=71263603495&amp;sourceType=SDW_TOP_SELLING_WIDGET_V2&amp;searchId=1a76afe61280463&amp;q=유산균" target="_blank"><figure class="ProductUnit_productImage__Mqcg1"><img alt="비포락토 100 유산균, 30g, 1개" loading="lazy" width="230" height="230" decoding="async" data-nimg="1" style="color:transparent" src="https://thumbnail.coupangcdn.com/thumbnails/remote/230x230ex/image/vendor_inventory/image_audit/prod/fa0c3bce-6157-4df0-ba58-c768e4e7697c_fixing_v2.png"></figure><div class="ProductUnit_productInfo__1l0il"><div class="fw-flex fw-flex-wrap fw-gap-[4px] fw-items-center fw-px-0 fw-py-[10px]"><div class="TextBadge_benefit__bkexk" data-badge-type="benefit">와우 345원 캐시 적립</div></div><div class="fw-flex fw-flex-wrap fw-gap-[4px] fw-items-center fw-px-0 fw-pb-[10px] empty:fw-hidden"></div><div class="ProductUnit_productNameV2__cV9cw">비포락토 100 유산균, 30g, 1개</div><div class="PriceArea_priceArea__NntJz"><div class="Price_price__tegCy"><div class="Price_salePrice__P6Mfd"><div><strong class="Price_priceValue__A4KOr">29,700원</strong></div><div class="ImageBadge_default__JWaYp"><img src="https://image.coupangcdn.com/image/rds/delivery_badge_ext/badge_1998ab96bf7.png" alt="로켓배송" loading="lazy"></div></div><span class="UnitPrice_unitPrice__R_ZcA">(<!-- -->10g당 9,900원<!-- -->)</span></div></div><div class="DeliveryInfo_delivery__c7z4P"><div><span style="color:#008C00;font-size:14px">내일(금) </span><span style="color:#008C00;font-size:14px">도착 보장</span></div></div><div class="ProductRating_productRating__jjf7W"><span class="ProductRating_rating__lMxS9"><div class="ProductRating_star__RGSlV" style="width:90%">4.5</div></span><span class="ProductRating_ratingCount__R0Vhz">(<!-- -->963<!-- -->)</span></div><div class="fw-pt-[10px] "><div class="BenefitBadge_cash-benefit__SmkrN"><div><img src="https://image.coupangcdn.com/image/badges/cashback/web/list-cash-icon@2x.png" alt="최대 1,485원 적립" loading="lazy"><span>최대 1,485원 적립</span></div></div></div></div></a></li><li><a href="/vp/products/1689337578?itemId=2876962408&amp;vendorItemId=70866107395&amp;sourceType=SDW_TOP_SELLING_WIDGET_V2&amp;searchId=1a76afe61280463&amp;q=유산균" target="_blank"><figure class="ProductUnit_productImage__Mqcg1"><img alt="PH365 피에이치365 프로바이오틱스 베이비 아기유산균, 1개, 90g" loading="lazy" width="230" height="230" decoding="async" data-nimg="1" style="color:transparent" src="https://thumbnail.coupangcdn.com/thumbnails/remote/230x230ex/image/vendor_inventory/f7a0/164bfabd481c44ec369d96a7edb7640d9a89eb6fe81a6b7dbb9f12d4ba1c.png"></figure><div class="ProductUnit_productInfo__1l0il"><div class="fw-flex fw-flex-wrap fw-gap-[4px] fw-items-center fw-px-0 fw-py-[10px]"><div class="TextBadge_delivery__STgTC" data-badge-type="delivery">무료배송</div></div><div class="fw-flex fw-flex-wrap fw-gap-[4px] fw-items-center fw-px-0 fw-pb-[10px] empty:fw-hidden"></div><div class="ProductUnit_productNameV2__cV9cw">PH365 피에이치365 프로바이오틱스 베이비 아기유산균, 1개, 90g</div><div class="PriceArea_priceArea__NntJz"><span class="PriceInfo_priceInfo__VARjb"><span class="PriceInfo_discountRate__EsQ8I">13<!-- -->%</span><del class="PriceInfo_basePrice__8BQ32">45,000원</del></span><div class="Price_price__tegCy"><div class="Price_salePrice__P6Mfd"><div><strong class="Price_priceValue__A4KOr">39,010원</strong></div></div><span class="UnitPrice_unitPrice__R_ZcA">(<!-- -->10g당 4,334원<!-- -->)</span></div></div><div class="DeliveryInfo_delivery__c7z4P"><div><span style="color:#212B36;font-size:14px">모레(토) </span><span style="color:#212B36;font-size:14px">도착 예정</span></div></div><div class="ProductRating_productRating__jjf7W"><span class="ProductRating_rating__lMxS9"><div class="ProductRating_star__RGSlV" style="width:100%">5</div></span><span class="ProductRating_ratingCount__R0Vhz">(<!-- -->2771<!-- -->)</span></div><div class="fw-pt-[10px] "><div class="BenefitBadge_cash-benefit__SmkrN"><div><img src="https://image.coupangcdn.com/image/badges/cashback/web/list-cash-icon@2x.png" alt="최대 1,950원 적립" loading="lazy"><span>최대 1,950원 적립</span></div></div></div></div></a></li><li><a href="/vp/products/2207617074?itemId=3879609859&amp;vendorItemId=3549112929&amp;sourceType=SDW_TOP_SELLING_WIDGET_V2&amp;searchId=1a76afe61280463&amp;q=유산균" target="_blank"><figure class="ProductUnit_productImage__Mqcg1"><img alt="종근당 프리바이오틱스 프락토올리고당 FOS, 150g, 1개" loading="lazy" width="230" height="230" decoding="async" data-nimg="1" style="color:transparent" src="https://thumbnail.coupangcdn.com/thumbnails/remote/230x230ex/image/vendor_inventory/6503/80d7d3a2876776002e7ead0190dcd74bc217af2d28eb54da80eb9315fae0.jpg"></figure><div class="ProductUnit_productInfo__1l0il"><div class="fw-flex fw-flex-wrap fw-gap-[4px] fw-items-center fw-px-0 fw-py-[10px]"></div><div class="fw-flex fw-flex-wrap fw-gap-[4px] fw-items-center fw-px-0 fw-pb-[10px] empty:fw-hidden"></div><div class="ProductUnit_productNameV2__cV9cw">종근당 프리바이오틱스 프락토올리고당 FOS, 150g, 1개</div><div class="PriceArea_priceArea__NntJz"><span class="PriceInfo_priceInfo__VARjb"><span class="PriceInfo_discountRate__EsQ8I">61<!-- -->%</span><del class="PriceInfo_basePrice__8BQ32">28,700원</del></span><div class="Price_price__tegCy"><div class="Price_salePrice__P6Mfd"><div><strong class="Price_priceValue__A4KOr">11,150원</strong></div><div class="ImageBadge_default__JWaYp"><img src="https://image.coupangcdn.com/image/rds/delivery_badge_ext/badge_1998ab96bf7.png" alt="로켓배송" loading="lazy"></div></div><span class="UnitPrice_unitPrice__R_ZcA">(<!-- -->10g당 743원<!-- -->)</span></div></div><div class="DeliveryInfo_delivery__c7z4P"><div><span style="color:#008C00;font-size:14px">내일(금) </span><span style="color:#008C00;font-size:14px">도착 보장</span></div></div><div class="UsedProductInfo_usedProductInfo__LlKZS"><div class="UsedProductInfo_info__ICdlU"><span>새 상품</span><span>, </span><span>반품-미개봉</span><strong> (100)</strong></div><div><span>최저</span><strong>10,590</strong><span>원</span></div></div><div class="ProductRating_productRating__jjf7W"><span class="ProductRating_rating__lMxS9"><div class="ProductRating_star__RGSlV" style="width:90%">4.5</div></span><span class="ProductRating_ratingCount__R0Vhz">(<!-- -->41418<!-- -->)</span></div><div class="fw-pt-[10px] "><div class="BenefitBadge_cash-benefit__SmkrN"><div><img src="https://image.coupangcdn.com/image/badges/cashback/web/list-cash-icon@2x.png" alt="최대 558원 적립" loading="lazy"><span>최대 558원 적립</span></div></div></div></div></a></li><li><a href="/vp/products/186444898?itemId=533074610&amp;vendorItemId=4389020027&amp;sourceType=SDW_TOP_SELLING_WIDGET_V2&amp;searchId=1a76afe61280463&amp;q=유산균" target="_blank"><figure class="ProductUnit_productImage__Mqcg1"><img alt="비타할로 키즈 생 유산균 프리미엄, 120g, 1개" loading="lazy" width="230" height="230" decoding="async" data-nimg="1" style="color:transparent" src="https://thumbnail.coupangcdn.com/thumbnails/remote/230x230ex/image/retail/images/971373627941699-dd111ddc-ad66-411c-80cd-e55a7310dd90.jpg"></figure><div class="ProductUnit_productInfo__1l0il"><div class="fw-flex fw-flex-wrap fw-gap-[4px] fw-items-center fw-px-0 fw-py-[10px]"></div><div class="fw-flex fw-flex-wrap fw-gap-[4px] fw-items-center fw-px-0 fw-pb-[10px] empty:fw-hidden"></div><div class="ProductUnit_productNameV2__cV9cw">비타할로 키즈 생 유산균 프리미엄, 120g, 1개</div><div class="PriceArea_priceArea__NntJz"><span class="PriceInfo_priceInfo__VARjb"><span class="PriceInfo_discountRate__EsQ8I">56<!-- -->%</span><del class="PriceInfo_basePrice__8BQ32">21,500원</del></span><div class="Price_price__tegCy"><div class="Price_salePrice__P6Mfd"><div><strong class="Price_priceValue__A4KOr">9,390원</strong></div><div class="ImageBadge_default__JWaYp"><img src="https://image.coupangcdn.com/image/rds/delivery_badge_ext/badge_1998ab96bf7.png" alt="로켓배송" loading="lazy"></div></div><span class="UnitPrice_unitPrice__R_ZcA">(<!-- -->10g당 783원<!-- -->)</span></div></div><div class="DeliveryInfo_delivery__c7z4P"><div><span style="color:#008C00;font-size:14px">내일(금) </span><span style="color:#008C00;font-size:14px">도착 보장</span></div></div><div class="ProductRating_productRating__jjf7W"><span class="ProductRating_rating__lMxS9"><div class="ProductRating_star__RGSlV" style="width:100%">5</div></span><span class="ProductRating_ratingCount__R0Vhz">(<!-- -->3601<!-- -->)</span></div><div class="fw-pt-[10px] "><div class="BenefitBadge_cash-benefit__SmkrN"><div><img src="https://image.coupangcdn.com/image/badges/cashback/web/list-cash-icon@2x.png" alt="최대 470원 적립" loading="lazy"><span>최대 470원 적립</span></div></div></div></div></a></li></ul></div><button class="nextBtn active" title="다음 상품 보기">다음 상품 보기</button></div></div></li><li class="ProductUnit_productUnit__Qd6sv" data-id="91899982615"><a href="/vp/products/8701538469?itemId=25936622488&amp;vendorItemId=91899982615&amp;q=유산균&amp;searchId=1a76afe61280463&amp;sourceType=search&amp;itemsCount=36&amp;searchRank=12&amp;rank=12" target="_blank"><figure class="ProductUnit_productImage__Mqcg1"><img alt="비에날씬 BNR17 다이어트 유산균 캡슐, 1개, 60정" loading="lazy" width="230" height="230" decoding="async" data-nimg="1" style="color:transparent" src="https://thumbnail.coupangcdn.com/thumbnails/remote/320x320ex/image/vendor_inventory/338d/103fa46c318593ed8a949ab51cfdbf5db3e364d9e608af90d96d9de28e9d.jpg"></figure><div class="ProductUnit_productInfo__1l0il"><div class="fw-flex fw-flex-wrap fw-gap-[4px] fw-items-center fw-px-0 fw-py-[10px]"></div><div class="fw-flex fw-flex-wrap fw-gap-[4px] fw-items-center fw-px-0 fw-pb-[10px] empty:fw-hidden"></div><div class="ProductUnit_productNameV2__cV9cw">비에날씬 BNR17 다이어트 유산균 캡슐, 1개, 60정</div><div class="PriceArea_priceArea__NntJz"><div class="custom-oos fw-mb-[1px] fw-flex fw-flex-wrap fw-items-center fw-gap-x-[4px] fw-gap-y-[1px]"><del class="custom-oos fw-text-[12px]/[14px] fw-line-through fw-text-bluegray-600">60,000원</del></div><div class="custom-oos"><div class="custom-oos fw-flex fw-flex-wrap fw-items-center fw-gap-y-[1px]"><div class="custom-oos fw-mr-[2px] fw-text-[14px] fw-font-bold fw-text-bluegray-900">12<!-- -->%</div><div class="custom-oos fw-text-[20px]/[24px] fw-font-bold fw-mr-[4px] fw-text-bluegray-900">52,470원</div><span class="custom-oos fw-text-[12px]/[15px] fw-text-bluegray-900">(<!-- -->1정당 875원<!-- -->)</span></div></div></div><div class="fw-text-[14px] [&amp;&gt;div]:fw-pt-[8px]"><div class="fw-flex fw-flex-wrap fw-gap-[4px] fw-items-center"><div class="fw-leading-[15px]"><span style="color:#212B36;font-size:12px">모레(토) </span><span style="color:#212B36;font-size:12px">도착 예정</span></div></div><div class="!fw-pt-[4px] fw-leading-[15px]"><span style="color:#454F5B;font-size:12px">무료배송 ∙ 오늘출발</span></div></div><div class="ProductRating_productRating__jjf7W"><span class="ProductRating_rating__lMxS9"><div class="ProductRating_star__RGSlV" style="width:90%">4.5</div></span><span class="ProductRating_ratingCount__R0Vhz">(<!-- -->9649<!-- -->)</span></div><div class="fw-pt-[10px] "><div class="BenefitBadge_cash-benefit__SmkrN"><div><img src="https://image.coupangcdn.com/image/badges/cashback/web/list-cash-icon@2x.png" alt="최대 2,624원 적립" loading="lazy"><span>최대 2,624원 적립</span></div></div></div></div></a></li><li class="ProductUnit_productUnit__Qd6sv" data-id="85873889893"><a href="/vp/products/6063894601?itemId=18741626520&amp;vendorItemId=85873889893&amp;q=유산균&amp;searchId=1a76afe61280463&amp;sourceType=search&amp;itemsCount=36&amp;searchRank=13&amp;rank=13" target="_blank"><figure class="ProductUnit_productImage__Mqcg1"><img alt="덴프스 덴마크 유산균이야기, 30정, 2개" loading="lazy" width="230" height="230" decoding="async" data-nimg="1" style="color:transparent" src="https://thumbnail.coupangcdn.com/thumbnails/remote/320x320ex/image/retail/images/132787610542910-ea93a5bc-e2cd-46cd-9271-188e275050c0.jpg"></figure><div class="ProductUnit_productInfo__1l0il"><div class="fw-flex fw-flex-wrap fw-gap-[4px] fw-items-center fw-px-0 fw-py-[10px]"><div class="fw-flex fw-flex-wrap fw-items-center fw-justify-start fw-content-center fw-flex-nowrap fw-font-bold fw-text-[12px] fw-leading-[15px] fw-tracking-[-0.12px] fw-relative fw-text-[#212B36]" data-badge="best-award"><p class="fw-block fw-h-3 fw-text-[#212B36] fw-font-bold fw-text-[12px] fw-leading-[15px] fw-tracking-[-0.12px] fw-font-[Apple SD Gothic Neo, Malgun Gothic, Dotum, Helvetica Neue, Helvetica, Arial, sans-serif]">BEST AWARDS</p><div class="fw-bg-[url('//img1a.coupangcdn.com/image/coupang/common/info-icon.svg')] fw-inline-block fw-w-3.5 fw-h-3.5 fw-bg-no-repeat fw-bg-center fw-ml-0.5 fw-group fw-text-[0] fw-indent-[-3000em] fw-cursor-pointer"><label>설명</label><div data-tooltip="best-award" class="fw-absolute fw-top-auto fw-left-0 fw-right-0 fw-mt-[8px] fw-min-w-[270px] fw-p-[14px] fw-text-[12px] fw-font-normal fw-text-[#111] fw-leading-[15px] fw-antialiased fw-bg-white fw-border fw-border-solid fw-border-[#ddd] fw-z-10 fw-shadow-[0_4px_6px_rgba(0,0,0,0.3)] max-s500:fw-w-[calc(100vw-20px)] max-s500:fw-max-w-[calc(100vw-20px)] fw-w-[322px] fw-min-w-[270px] fw-max-w-[322px] fw-hidden group-hover:fw-block fw-rounded-sm fw-bg-white fw-invisible"><p class="fw-text-[#111]">쿠팡 로켓배송 상품 중 <b>2025 상반기</b> 쿠팡 어워즈를 수상한 제품입니다.</p><ul class="fw-pl-5 fw-mt-4 fw-flex !fw-flex-col fw-items-start !fw-border-0"><li class="fw-list-disc fw-text-[#111] fw-font-normal fw-text-[12px] fw-leading-[15px] fw-font-[Apple SD Gothic Neo, Malgun Gothic, Dotum, Helvetica Neue, Helvetica, Arial, sans-serif]"><em class="fw-font-bold fw-not-italic">카테고리<!-- -->: </em>건강식품 유산균</li><li class="fw-list-disc fw-text-[#111] fw-font-normal fw-text-[12px] fw-leading-[15px] fw-font-[Apple SD Gothic Neo, Malgun Gothic, Dotum, Helvetica Neue, Helvetica, Arial, sans-serif]"><em class="fw-font-bold fw-not-italic">수상 부문<!-- -->: </em>베스트 셀링</li><li class="fw-list-disc fw-text-[#111] fw-font-normal fw-text-[12px] fw-leading-[15px] fw-font-[Apple SD Gothic Neo, Malgun Gothic, Dotum, Helvetica Neue, Helvetica, Arial, sans-serif]"><em class="fw-font-bold fw-not-italic">데이터 집계기간<!-- -->: </em>2025.01.01 ~ 2025.05.21</li><li class="fw-list-disc fw-text-[#111] fw-font-normal fw-text-[12px] fw-leading-[15px] fw-font-[Apple SD Gothic Neo, Malgun Gothic, Dotum, Helvetica Neue, Helvetica, Arial, sans-serif]"><em class="fw-font-bold fw-not-italic">수상 기준<!-- -->: </em>매출, 판매량</li></ul></div><span class="fw-visible-hidden fw-w-[10px] fw-h-[10px] fw-bg-white fw-rounded-sm fw-absolute fw-z-[11] fw-border-t fw-border-l fw-border-solid fw-border-[#e5e5e5] fw-mt-[3px] fw-mx-[2.5px] fw-rotate-45 fw-hidden group-hover:fw-block fw-invisible"></span></div></div></div><div class="fw-flex fw-flex-wrap fw-gap-[4px] fw-items-center fw-px-0 fw-pb-[10px] empty:fw-hidden"></div><div class="ProductUnit_productNameV2__cV9cw">덴프스 덴마크 유산균이야기, 30정, 2개</div><div class="PriceArea_priceArea__NntJz"><div class="custom-oos fw-mb-[1px] fw-flex fw-flex-wrap fw-items-center fw-gap-x-[4px] fw-gap-y-[1px]"><del class="custom-oos fw-text-[12px]/[14px] fw-line-through fw-text-bluegray-600">102,000원</del></div><div class="custom-oos"><div class="custom-oos fw-flex fw-flex-wrap fw-items-center fw-gap-y-[1px]"><div class="custom-oos fw-mr-[2px] fw-text-[14px] fw-font-bold fw-text-bluegray-900">70<!-- -->%</div><div class="custom-oos fw-text-[20px]/[24px] fw-font-bold fw-mr-[4px] fw-text-bluegray-900">29,800원</div><span class="custom-oos fw-text-[12px]/[15px] fw-text-bluegray-900">(<!-- -->1정당 497원<!-- -->)</span></div></div></div><div class="fw-text-[14px] [&amp;&gt;div]:fw-pt-[8px]"><div class="fw-flex fw-flex-wrap fw-gap-[4px] fw-items-center"><div class="fw-flex fw-flex-wrap fw-gap-[4px] fw-items-center"><div class="ImageBadge_default__JWaYp"><img class="custom-oos" src="https://image.coupangcdn.com/image/rds/delivery_badge_ext/badge_1998ab96bf7.png" alt="" loading="lazy"></div></div><div class="fw-leading-[15px]"><span style="color:#008C00;font-size:12px">내일(금) </span><span style="color:#008C00;font-size:12px">도착 보장</span></div></div><div class="!fw-pt-[4px] fw-leading-[15px]"><span style="color:#454F5B;font-weight:bold;font-size:12px">무료배송</span></div></div><div class="ProductRating_productRating__jjf7W"><span class="ProductRating_rating__lMxS9"><div class="ProductRating_star__RGSlV" style="width:100%">5</div></span><span class="ProductRating_ratingCount__R0Vhz">(<!-- -->25435<!-- -->)</span></div><div class="fw-pt-[10px] "><div class="BenefitBadge_cash-benefit__SmkrN"><div><img src="https://image.coupangcdn.com/image/badges/cashback/web/list-cash-icon@2x.png" alt="최대 1,490원 적립" loading="lazy"><span>최대 1,490원 적립</span></div></div></div></div></a></li><li class="ProductUnit_productUnit__Qd6sv" data-id="86785423125"><a href="/vp/products/7510979869?itemId=19680028176&amp;vendorItemId=86785423125&amp;q=유산균&amp;searchId=1a76afe61280463&amp;sourceType=search&amp;itemsCount=36&amp;searchRank=14&amp;rank=14" target="_blank"><figure class="ProductUnit_productImage__Mqcg1"><img alt="덴프스 덴마크 유산균이야기 프로, 60정, 1개" loading="lazy" width="230" height="230" decoding="async" data-nimg="1" style="color:transparent" src="https://thumbnail.coupangcdn.com/thumbnails/remote/320x320ex/image/vendor_inventory/ec82/7e0390fd7d18bc1cff830fe512fe98fc6caf1eef98438e25b6df575a67b9.jpg"></figure><div class="ProductUnit_productInfo__1l0il"><div class="fw-flex fw-flex-wrap fw-gap-[4px] fw-items-center fw-px-0 fw-py-[10px]"></div><div class="fw-flex fw-flex-wrap fw-gap-[4px] fw-items-center fw-px-0 fw-pb-[10px] empty:fw-hidden"></div><div class="ProductUnit_productNameV2__cV9cw">덴프스 덴마크 유산균이야기 프로, 60정, 1개</div><div class="PriceArea_priceArea__NntJz"><div class="custom-oos fw-mb-[1px] fw-flex fw-flex-wrap fw-items-center fw-gap-x-[4px] fw-gap-y-[1px]"><del class="custom-oos fw-text-[12px]/[14px] fw-line-through fw-text-bluegray-600">92,000원</del></div><div class="custom-oos"><div class="custom-oos fw-flex fw-flex-wrap fw-items-center fw-gap-y-[1px]"><div class="custom-oos fw-mr-[2px] fw-text-[14px] fw-font-bold fw-text-bluegray-900">68<!-- -->%</div><div class="custom-oos fw-text-[20px]/[24px] fw-font-bold fw-mr-[4px] fw-text-bluegray-900">28,720원</div><span class="custom-oos fw-text-[12px]/[15px] fw-text-bluegray-900">(<!-- -->1정당 479원<!-- -->)</span></div></div></div><div class="fw-text-[14px] [&amp;&gt;div]:fw-pt-[8px]"><div class="fw-flex fw-flex-wrap fw-gap-[4px] fw-items-center"><div class="fw-flex fw-flex-wrap fw-gap-[4px] fw-items-center"><div class="ImageBadge_default__JWaYp"><img class="custom-oos" src="https://image.coupangcdn.com/image/badges/falcon/v1/web/rocket-fresh@2x.png" alt="" loading="lazy"></div></div><div class="fw-leading-[15px]"><span style="color:#008C00;font-size:12px">내일(금) 새벽 </span><span style="color:#008C00;font-size:12px">도착 보장</span></div></div></div><div class="ProductRating_productRating__jjf7W"><span class="ProductRating_rating__lMxS9"><div class="ProductRating_star__RGSlV" style="width:100%">5</div></span><span class="ProductRating_ratingCount__R0Vhz">(<!-- -->1030<!-- -->)</span></div><div class="fw-pt-[10px] "><div class="BenefitBadge_cash-benefit__SmkrN"><div><img src="https://image.coupangcdn.com/image/badges/cashback/web/list-cash-icon@2x.png" alt="최대 1,364원 적립" loading="lazy"><span>최대 1,364원 적립</span></div></div></div></div></a></li><li class="ProductUnit_productUnit__Qd6sv" data-id="89440810283"><a href="/vp/products/7893057219?itemId=22395890078&amp;vendorItemId=89440810283&amp;q=유산균&amp;searchId=1a76afe61280463&amp;sourceType=search&amp;itemsCount=36&amp;searchRank=15&amp;rank=15" target="_blank"><figure class="ProductUnit_productImage__Mqcg1"><img alt="락토핏 생유산균 당케어, 120g, 2개" loading="lazy" width="230" height="230" decoding="async" data-nimg="1" style="color:transparent" src="https://thumbnail.coupangcdn.com/thumbnails/remote/320x320ex/image/retail/images/82044939732046-6b43a61d-0f33-49d3-8001-6a339e403e4a.jpg"></figure><div class="ProductUnit_productInfo__1l0il"><div class="fw-flex fw-flex-wrap fw-gap-[4px] fw-items-center fw-px-0 fw-py-[10px]"><div class="TextBadge_benefit__bkexk" data-badge-type="benefit">242원 캐시 적립</div></div><div class="fw-flex fw-flex-wrap fw-gap-[4px] fw-items-center fw-px-0 fw-pb-[10px] empty:fw-hidden"></div><div class="ProductUnit_productNameV2__cV9cw">락토핏 생유산균 당케어, 120g, 2개</div><div class="PriceArea_priceArea__NntJz"><div class="custom-oos fw-mb-[1px] fw-flex fw-flex-wrap fw-items-center fw-gap-x-[4px] fw-gap-y-[1px]"><del class="custom-oos fw-text-[12px]/[14px] fw-line-through fw-text-bluegray-600">70,000원</del></div><div class="custom-oos"><div class="custom-oos fw-flex fw-flex-wrap fw-items-center fw-gap-y-[1px]"><div class="custom-oos fw-mr-[2px] fw-text-[14px] fw-font-bold fw-text-bluegray-900">65<!-- -->%</div><div class="custom-oos fw-text-[20px]/[24px] fw-font-bold fw-mr-[4px] fw-text-bluegray-900">24,200원</div><span class="custom-oos fw-text-[12px]/[15px] fw-text-bluegray-900">(<!-- -->10g당 1,008원<!-- -->)</span></div></div></div><div class="fw-text-[14px] [&amp;&gt;div]:fw-pt-[8px]"><div class="fw-flex fw-flex-wrap fw-gap-[4px] fw-items-center"><div class="fw-flex fw-flex-wrap fw-gap-[4px] fw-items-center"><div class="ImageBadge_default__JWaYp"><img class="custom-oos" src="https://image.coupangcdn.com/image/rds/delivery_badge_ext/badge_1998ab96bf7.png" alt="" loading="lazy"></div></div><div class="fw-leading-[15px]"><span style="color:#008C00;font-size:12px">내일(금) </span><span style="color:#008C00;font-size:12px">도착 보장</span></div></div><div class="!fw-pt-[4px] fw-leading-[15px]"><span style="color:#454F5B;font-weight:bold;font-size:12px">무료배송</span></div></div><div class="ProductRating_productRating__jjf7W"><span class="ProductRating_rating__lMxS9"><div class="ProductRating_star__RGSlV" style="width:100%">5</div></span><span class="ProductRating_ratingCount__R0Vhz">(<!-- -->14241<!-- -->)</span></div><div class="fw-pt-[10px] "><div class="BenefitBadge_cash-benefit__SmkrN"><div><img src="https://image.coupangcdn.com/image/badges/cashback/web/list-cash-icon@2x.png" alt="최대 1,210원 적립" loading="lazy"><span>최대 1,210원 적립</span></div></div></div></div></a></li><li class="ProductUnit_productUnit__Qd6sv" data-id="4743694802"><a href="/vp/products/8203806586?itemId=25437050939&amp;vendorItemId=4743694802&amp;q=유산균&amp;searchId=1a76afe61280463&amp;sourceType=search&amp;itemsCount=36&amp;searchRank=16&amp;rank=16" target="_blank"><figure class="ProductUnit_productImage__Mqcg1"><img alt="엘레나 유산균, 60정, 1개" loading="lazy" width="230" height="230" decoding="async" data-nimg="1" style="color:transparent" src="https://thumbnail.coupangcdn.com/thumbnails/remote/320x320ex/image/retail/images/2162763075796-aae858a9-1686-4837-a278-caf5aa82b19a.jpg"></figure><div class="ProductUnit_productInfo__1l0il"><div class="fw-flex fw-flex-wrap fw-gap-[4px] fw-items-center fw-px-0 fw-py-[10px]"></div><div class="fw-flex fw-flex-wrap fw-gap-[4px] fw-items-center fw-px-0 fw-pb-[10px] empty:fw-hidden"></div><div class="ProductUnit_productNameV2__cV9cw">엘레나 유산균, 60정, 1개</div><div class="PriceArea_priceArea__NntJz"><div class="custom-oos"><div class="custom-oos fw-flex fw-flex-wrap fw-items-center fw-gap-y-[1px]"><div class="custom-oos fw-text-[20px]/[24px] fw-font-bold fw-mr-[4px] fw-text-bluegray-900">48,800원</div><span class="custom-oos fw-text-[12px]/[15px] fw-text-bluegray-900">(<!-- -->1정당 813원<!-- -->)</span></div></div></div><div class="fw-text-[14px] [&amp;&gt;div]:fw-pt-[8px]"><div class="fw-flex fw-flex-wrap fw-gap-[4px] fw-items-center"><div class="fw-flex fw-flex-wrap fw-gap-[4px] fw-items-center"><div class="ImageBadge_default__JWaYp"><img class="custom-oos" src="https://image.coupangcdn.com/image/rds/delivery_badge_ext/badge_1998ab96bf7.png" alt="" loading="lazy"></div></div><div class="fw-leading-[15px]"><span style="color:#008C00;font-size:12px">내일(금) </span><span style="color:#008C00;font-size:12px">도착 보장</span></div></div><div class="!fw-pt-[4px] fw-leading-[15px]"><span style="color:#454F5B;font-weight:bold;font-size:12px">무료배송</span></div></div><div class="ProductRating_productRating__jjf7W"><span class="ProductRating_rating__lMxS9"><div class="ProductRating_star__RGSlV" style="width:100%">5</div></span><span class="ProductRating_ratingCount__R0Vhz">(<!-- -->21444<!-- -->)</span></div><div class="fw-pt-[10px] "><div class="BenefitBadge_cash-benefit__SmkrN"><div><img src="https://image.coupangcdn.com/image/badges/cashback/web/list-cash-icon@2x.png" alt="최대 2,440원 적립" loading="lazy"><span>최대 2,440원 적립</span></div></div></div></div></a></li><li class="ProductUnit_productUnit__Qd6sv" data-id="83397358106"><a href="/vp/products/8184298624?itemId=25231819208&amp;vendorItemId=83397358106&amp;q=유산균&amp;searchId=1a76afe61280463&amp;sourceType=search&amp;itemsCount=36&amp;searchRank=17&amp;rank=17" target="_blank"><figure class="ProductUnit_productImage__Mqcg1"><img alt="락토핏 골드 유산균 선물세트, 100g, 3개" loading="lazy" width="230" height="230" decoding="async" data-nimg="1" style="color:transparent" src="https://thumbnail.coupangcdn.com/thumbnails/remote/320x320ex/image/retail/images/79775966261450-f00e43a5-b795-4237-b3b7-93f0a8776376.jpg"></figure><div class="ProductUnit_productInfo__1l0il"><div class="fw-flex fw-flex-wrap fw-gap-[4px] fw-items-center fw-px-0 fw-py-[10px]"></div><div class="fw-flex fw-flex-wrap fw-gap-[4px] fw-items-center fw-px-0 fw-pb-[10px] empty:fw-hidden"></div><div class="ProductUnit_productNameV2__cV9cw">락토핏 골드 유산균 선물세트, 100g, 3개</div><div class="PriceArea_priceArea__NntJz"><div class="custom-oos fw-mb-[1px] fw-flex fw-flex-wrap fw-items-center fw-gap-x-[4px] fw-gap-y-[1px]"><span class="custom-oos fw-text-[13px]/[16px] fw-break-all fw-text-red-700">쿠폰할인</span><del class="custom-oos fw-text-[12px]/[14px] fw-line-through fw-text-bluegray-600">31,000원</del></div><div class="custom-oos"><div class="custom-oos fw-flex fw-flex-wrap fw-items-center fw-gap-y-[1px]"><div class="custom-oos fw-flex fw-items-center"><div class="custom-oos fw-flex fw-items-center fw-pl-[4px] fw-h-[20px] fw-text-[14px] fw-font-bold fw-text-white fw-bg-red-700 fw-z-[2]"><span class="custom-oos fw-translate-y-[1px]">5<!-- -->%</span></div><svg class="fw-block fw-ml-[-1px] fw-w-[11px] fw-h-[20px] fw-z-[1]" xmlns="http://www.w3.org/2000/svg" width="11" height="20" viewBox="0 0 11 20" fill="none"><path d="M11 0L3.78947 18.1083C3.33465 19.2505 2.22944 20 1 20H0V10V0H11Z" fill="#CB1400"></path></svg></div><div class="custom-oos fw-text-[20px]/[24px] fw-font-bold fw-mr-[4px] fw-text-red-700">29,450원</div><span class="custom-oos fw-text-[12px]/[15px] fw-text-red-700">(<!-- -->10g당 982원<!-- -->)</span></div></div></div><div class="fw-text-[14px] [&amp;&gt;div]:fw-pt-[8px]"><div class="fw-flex fw-flex-wrap fw-gap-[4px] fw-items-center"><div class="fw-flex fw-flex-wrap fw-gap-[4px] fw-items-center"><div class="ImageBadge_default__JWaYp"><img class="custom-oos" src="https://image.coupangcdn.com/image/rds/delivery_badge_ext/badge_1998ab96bf7.png" alt="" loading="lazy"></div></div><div class="fw-leading-[15px]"><span style="color:#008C00;font-size:12px">내일(금) </span><span style="color:#008C00;font-size:12px">도착 보장</span></div></div><div class="!fw-pt-[4px] fw-leading-[15px]"><span style="color:#454F5B;font-weight:bold;font-size:12px">무료배송</span></div></div><div class="ProductRating_productRating__jjf7W"><span class="ProductRating_rating__lMxS9"><div class="ProductRating_star__RGSlV" style="width:100%">5</div></span><span class="ProductRating_ratingCount__R0Vhz">(<!-- -->7151<!-- -->)</span></div><div class="fw-pt-[10px] "><div class="BenefitBadge_cash-benefit__SmkrN"><div><img src="https://image.coupangcdn.com/image/badges/cashback/web/list-cash-icon@2x.png" alt="최대 1,473원 적립" loading="lazy"><span>최대 1,473원 적립</span></div></div></div></div></a></li><li class="ProductUnit_productUnit__Qd6sv" data-id="92363060310"><a href="/vp/products/6953914393?itemId=25939172503&amp;vendorItemId=92363060310&amp;q=유산균&amp;searchId=1a76afe61280463&amp;sourceType=search&amp;itemsCount=36&amp;searchRank=18&amp;rank=18" target="_blank"><figure class="ProductUnit_productImage__Mqcg1"><img alt="락토핏 솔루션2 예민한 장, 30정, 1개" loading="lazy" width="230" height="230" decoding="async" data-nimg="1" style="color:transparent" src="https://thumbnail.coupangcdn.com/thumbnails/remote/320x320ex/image/retail/images/344639841701704-65e1bc20-8a2b-4fd7-b027-405500fbd32e.jpg"></figure><div class="ProductUnit_productInfo__1l0il"><div class="fw-flex fw-flex-wrap fw-gap-[4px] fw-items-center fw-px-0 fw-py-[10px]"></div><div class="fw-flex fw-flex-wrap fw-gap-[4px] fw-items-center fw-px-0 fw-pb-[10px] empty:fw-hidden"></div><div class="ProductUnit_productNameV2__cV9cw">락토핏 솔루션2 예민한 장, 30정, 1개</div><div class="PriceArea_priceArea__NntJz"><div class="custom-oos fw-mb-[1px] fw-flex fw-flex-wrap fw-items-center fw-gap-x-[4px] fw-gap-y-[1px]"><del class="custom-oos fw-text-[12px]/[14px] fw-line-through fw-text-bluegray-600">29,900원</del></div><div class="custom-oos"><div class="custom-oos fw-flex fw-flex-wrap fw-items-center fw-gap-y-[1px]"><div class="custom-oos fw-mr-[2px] fw-text-[14px] fw-font-bold fw-text-bluegray-900">51<!-- -->%</div><div class="custom-oos fw-text-[20px]/[24px] fw-font-bold fw-mr-[4px] fw-text-bluegray-900">14,590원</div><span class="custom-oos fw-text-[12px]/[15px] fw-text-bluegray-900">(<!-- -->1정당 486원<!-- -->)</span></div></div></div><div class="fw-text-[14px] [&amp;&gt;div]:fw-pt-[8px]"><div class="fw-flex fw-flex-wrap fw-gap-[4px] fw-items-center"><div class="fw-flex fw-flex-wrap fw-gap-[4px] fw-items-center"><div class="ImageBadge_default__JWaYp"><img class="custom-oos" src="https://image.coupangcdn.com/image/rds/delivery_badge_ext/badge_1998ab96bf7.png" alt="" loading="lazy"></div></div><div class="fw-leading-[15px]"><span style="color:#008C00;font-size:12px">내일(금) </span><span style="color:#008C00;font-size:12px">도착 보장</span></div></div><div class="!fw-pt-[4px] fw-leading-[15px]"><span style="color:#454F5B;font-weight:bold;font-size:12px">와우는 </span><span style="color:#454F5B;font-size:12px">무료배송 ∙ 무료반품</span></div></div><div class="ProductRating_productRating__jjf7W"><span class="ProductRating_rating__lMxS9"><div class="ProductRating_star__RGSlV" style="width:90%">4.5</div></span><span class="ProductRating_ratingCount__R0Vhz">(<!-- -->1425<!-- -->)</span></div><div class="fw-pt-[10px] "><div class="BenefitBadge_cash-benefit__SmkrN"><div><img src="https://image.coupangcdn.com/image/badges/cashback/web/list-cash-icon@2x.png" alt="최대 730원 적립" loading="lazy"><span>최대 730원 적립</span></div></div></div></div></a></li><li class="ProductUnit_productUnit__Qd6sv" data-id="70826469696"><a href="/vp/products/7201469545?itemId=18204335750&amp;vendorItemId=70826469696&amp;q=유산균&amp;searchId=1a76afe61280463&amp;sourceType=search&amp;itemsCount=36&amp;searchRank=19&amp;rank=19" target="_blank"><figure class="ProductUnit_productImage__Mqcg1"><img alt="락토핏 키즈 유산균, 120g, 2개" loading="lazy" width="230" height="230" decoding="async" data-nimg="1" style="color:transparent" src="https://thumbnail.coupangcdn.com/thumbnails/remote/320x320ex/image/vendor_inventory/810e/53aae1f633d56b47f8c38b7d5853e61c7c8bec8f49e324cda8cef959114d.jpg"></figure><div class="ProductUnit_productInfo__1l0il"><div class="fw-flex fw-flex-wrap fw-gap-[4px] fw-items-center fw-px-0 fw-py-[10px]"></div><div class="fw-flex fw-flex-wrap fw-gap-[4px] fw-items-center fw-px-0 fw-pb-[10px] empty:fw-hidden"></div><div class="ProductUnit_productNameV2__cV9cw">락토핏 키즈 유산균, 120g, 2개</div><div class="PriceArea_priceArea__NntJz"><div class="custom-oos fw-mb-[1px] fw-flex fw-flex-wrap fw-items-center fw-gap-x-[4px] fw-gap-y-[1px]"><del class="custom-oos fw-text-[12px]/[14px] fw-line-through fw-text-bluegray-600">49,800원</del></div><div class="custom-oos"><div class="custom-oos fw-flex fw-flex-wrap fw-items-center fw-gap-y-[1px]"><div class="custom-oos fw-mr-[2px] fw-text-[14px] fw-font-bold fw-text-bluegray-900">47<!-- -->%</div><div class="custom-oos fw-text-[20px]/[24px] fw-font-bold fw-mr-[4px] fw-text-bluegray-900">25,980원</div><span class="custom-oos fw-text-[12px]/[15px] fw-text-bluegray-900">(<!-- -->10g당 1,083원<!-- -->)</span></div></div></div><div class="fw-text-[14px] [&amp;&gt;div]:fw-pt-[8px]"><div class="fw-flex fw-flex-wrap fw-gap-[4px] fw-items-center"><div class="fw-flex fw-flex-wrap fw-gap-[4px] fw-items-center"><div class="ImageBadge_default__JWaYp"><img class="custom-oos" src="https://image.coupangcdn.com/image/rds/delivery_badge_ext/badge_1998ab96bf7.png" alt="" loading="lazy"></div></div><div class="fw-leading-[15px]"><span style="color:#008C00;font-size:12px">내일(금) </span><span style="color:#008C00;font-size:12px">도착 보장</span></div></div><div class="!fw-pt-[4px] fw-leading-[15px]"><span style="color:#454F5B;font-weight:bold;font-size:12px">무료배송</span></div></div><div class="ProductRating_productRating__jjf7W"><span class="ProductRating_rating__lMxS9"><div class="ProductRating_star__RGSlV" style="width:100%">5</div></span><span class="ProductRating_ratingCount__R0Vhz">(<!-- -->63405<!-- -->)</span></div><div class="fw-pt-[10px] "><div class="BenefitBadge_cash-benefit__SmkrN"><div><img src="https://image.coupangcdn.com/image/badges/cashback/web/list-cash-icon@2x.png" alt="최대 1,299원 적립" loading="lazy"><span>최대 1,299원 적립</span></div></div></div></div></a></li><li class="ProductUnit_productUnit__Qd6sv" data-id="84773215450"><a href="/vp/products/7458810098?itemId=19197602226&amp;vendorItemId=84773215450&amp;q=유산균&amp;searchId=1a76afe61280463&amp;sourceType=search&amp;itemsCount=36&amp;searchRank=20&amp;rank=20" target="_blank"><figure class="ProductUnit_productImage__Mqcg1"><img alt="종근당건강 락토핏생유산균 골드50 150포, 100g, 3개" loading="lazy" width="230" height="230" decoding="async" data-nimg="1" style="color:transparent" src="https://thumbnail.coupangcdn.com/thumbnails/remote/320x320ex/image/vendor_inventory/cf6f/736492905171fc56ddac0d52c7d11e77bab632aad711641152abcedea679.jpg"></figure><div class="ProductUnit_productInfo__1l0il"><div class="fw-flex fw-flex-wrap fw-gap-[4px] fw-items-center fw-px-0 fw-py-[10px]"></div><div class="fw-flex fw-flex-wrap fw-gap-[4px] fw-items-center fw-px-0 fw-pb-[10px] empty:fw-hidden"></div><div class="ProductUnit_productNameV2__cV9cw">종근당건강 락토핏생유산균 골드50 150포, 100g, 3개</div><div class="PriceArea_priceArea__NntJz"><div class="custom-oos fw-mb-[1px] fw-flex fw-flex-wrap fw-items-center fw-gap-x-[4px] fw-gap-y-[1px]"><span class="custom-oos fw-text-[13px]/[16px] fw-break-all fw-text-red-700">할인</span><span class="fw-text-[13px]/[16px] fw-text-bluegray-900 fw-font-bold fw-tabular-nums">· 19:17:25</span><del class="custom-oos fw-text-[12px]/[14px] fw-line-through fw-text-bluegray-600">39,730원</del></div><div class="custom-oos"><div class="custom-oos fw-flex fw-flex-wrap fw-items-center fw-gap-y-[1px]"><div class="custom-oos fw-flex fw-items-center"><div class="custom-oos fw-flex fw-items-center fw-pl-[4px] fw-h-[20px] fw-text-[14px] fw-font-bold fw-text-white fw-bg-red-700 fw-z-[2]"><span class="custom-oos fw-translate-y-[1px]">28<!-- -->%</span></div><svg class="fw-block fw-ml-[-1px] fw-w-[11px] fw-h-[20px] fw-z-[1]" xmlns="http://www.w3.org/2000/svg" width="11" height="20" viewBox="0 0 11 20" fill="none"><path d="M11 0L3.78947 18.1083C3.33465 19.2505 2.22944 20 1 20H0V10V0H11Z" fill="#CB1400"></path></svg></div><div class="custom-oos fw-text-[20px]/[24px] fw-font-bold fw-mr-[4px] fw-text-red-700">28,430원</div><span class="custom-oos fw-text-[12px]/[15px] fw-text-red-700">(<!-- -->10g당 948원<!-- -->)</span></div></div></div><div class="fw-text-[14px] [&amp;&gt;div]:fw-pt-[8px]"><div class="fw-flex fw-flex-wrap fw-gap-[4px] fw-items-center"><div class="fw-leading-[15px]"><span style="color:#212B36;font-size:12px">모레(토) </span><span style="color:#212B36;font-size:12px">도착 예정</span></div></div><div class="!fw-pt-[4px] fw-leading-[15px]"><span style="color:#454F5B;font-size:12px">무료배송</span></div></div><div class="ProductRating_productRating__jjf7W"><span class="ProductRating_rating__lMxS9"><div class="ProductRating_star__RGSlV" style="width:100%">5</div></span><span class="ProductRating_ratingCount__R0Vhz">(<!-- -->212428<!-- -->)</span></div><div class="fw-pt-[10px] "><div class="BenefitBadge_cash-benefit__SmkrN"><div><img src="https://image.coupangcdn.com/image/badges/cashback/web/list-cash-icon@2x.png" alt="최대 1,421원 적립" loading="lazy"><span>최대 1,421원 적립</span></div></div></div></div></a></li><li class="ProductUnit_productUnit__Qd6sv" data-id="83458757730"><a href="/vp/products/7198631640?itemId=16265967325&amp;vendorItemId=83458757730&amp;q=유산균&amp;searchId=1a76afe61280463&amp;sourceType=search&amp;itemsCount=36&amp;searchRank=21&amp;rank=21" target="_blank"><figure class="ProductUnit_productImage__Mqcg1"><img alt="락토핏 슬림 유산균, 120g, 1개" loading="lazy" width="230" height="230" decoding="async" data-nimg="1" style="color:transparent" src="https://thumbnail.coupangcdn.com/thumbnails/remote/320x320ex/image/retail/images/457793597812478-764e0a48-3933-408b-ac86-d5abc6affdbe.jpg"></figure><div class="ProductUnit_productInfo__1l0il"><div class="fw-flex fw-flex-wrap fw-gap-[4px] fw-items-center fw-px-0 fw-py-[10px]"></div><div class="fw-flex fw-flex-wrap fw-gap-[4px] fw-items-center fw-px-0 fw-pb-[10px] empty:fw-hidden"></div><div class="ProductUnit_productNameV2__cV9cw">락토핏 슬림 유산균, 120g, 1개</div><div class="PriceArea_priceArea__NntJz"><div class="custom-oos"><div class="custom-oos fw-flex fw-flex-wrap fw-items-center fw-gap-y-[1px]"><div class="custom-oos fw-text-[20px]/[24px] fw-font-bold fw-mr-[4px] fw-text-bluegray-900">16,750원</div><span class="custom-oos fw-text-[12px]/[15px] fw-text-bluegray-900">(<!-- -->10g당 1,396원<!-- -->)</span></div></div></div><div class="fw-text-[14px] [&amp;&gt;div]:fw-pt-[8px]"><div class="fw-flex fw-flex-wrap fw-gap-[4px] fw-items-center"><div class="fw-flex fw-flex-wrap fw-gap-[4px] fw-items-center"><div class="ImageBadge_default__JWaYp"><img class="custom-oos" src="https://image.coupangcdn.com/image/rds/delivery_badge_ext/badge_1998ab96bf7.png" alt="" loading="lazy"></div></div><div class="fw-leading-[15px]"><span style="color:#008C00;font-size:12px">내일(금) </span><span style="color:#008C00;font-size:12px">도착 보장</span></div></div><div class="!fw-pt-[4px] fw-leading-[15px]"><span style="color:#454F5B;font-weight:bold;font-size:12px">와우는 </span><span style="color:#454F5B;font-size:12px">무료배송 ∙ 무료반품 ∙ 새벽도착</span></div></div><div class="ProductRating_productRating__jjf7W"><span class="ProductRating_rating__lMxS9"><div class="ProductRating_star__RGSlV" style="width:100%">5</div></span><span class="ProductRating_ratingCount__R0Vhz">(<!-- -->21253<!-- -->)</span></div><div class="fw-pt-[10px] "><div class="BenefitBadge_cash-benefit__SmkrN"><div><img src="https://image.coupangcdn.com/image/badges/cashback/web/list-cash-icon@2x.png" alt="최대 838원 적립" loading="lazy"><span>최대 838원 적립</span></div></div></div></div></a></li><li class="ProductUnit_productUnit__Qd6sv" data-id="93586295727"><a href="/vp/products/8203806586?itemId=14549280070&amp;vendorItemId=93586295727&amp;q=유산균&amp;searchId=1a76afe61280463&amp;sourceType=search&amp;itemsCount=36&amp;searchRank=22&amp;rank=22" target="_blank"><figure class="ProductUnit_productImage__Mqcg1"><img alt="엘레나 UREX 프로바이오틱스 유산균, 90정, 1개" loading="lazy" width="230" height="230" decoding="async" data-nimg="1" style="color:transparent" src="https://thumbnail.coupangcdn.com/thumbnails/remote/320x320ex/image/vendor_inventory/86a2/6cd8bd3749f00ccfd856c14e9c2880fa97b712716ccb8f79a28499706dd9.png"></figure><div class="ProductUnit_productInfo__1l0il"><div class="fw-flex fw-flex-wrap fw-gap-[4px] fw-items-center fw-px-0 fw-py-[10px]"></div><div class="fw-flex fw-flex-wrap fw-gap-[4px] fw-items-center fw-px-0 fw-pb-[10px] empty:fw-hidden"></div><div class="ProductUnit_productNameV2__cV9cw">엘레나 UREX 프로바이오틱스 유산균, 90정, 1개</div><div class="PriceArea_priceArea__NntJz"><div class="custom-oos"><div class="custom-oos fw-flex fw-flex-wrap fw-items-center fw-gap-y-[1px]"><div class="custom-oos fw-text-[20px]/[24px] fw-font-bold fw-mr-[4px] fw-text-bluegray-900">69,690원</div><span class="custom-oos fw-text-[12px]/[15px] fw-text-bluegray-900">(<!-- -->1정당 774원<!-- -->)</span></div></div></div><div class="fw-text-[14px] [&amp;&gt;div]:fw-pt-[8px]"><div class="fw-flex fw-flex-wrap fw-gap-[4px] fw-items-center"><div class="fw-flex fw-flex-wrap fw-gap-[4px] fw-items-center"><div class="ImageBadge_default__JWaYp"><img class="custom-oos" src="https://image.coupangcdn.com/image/rds/delivery_badge_ext/badge_199559e56f7.png" alt="" loading="lazy"></div></div><div class="fw-leading-[15px]"><span style="color:#008C00;font-size:12px">내일(금) </span><span style="color:#008C00;font-size:12px">도착 보장</span></div></div><div class="!fw-pt-[4px] fw-leading-[15px]"><span style="color:#454F5B;font-weight:bold;font-size:12px">무료배송</span></div></div><div class="ProductRating_productRating__jjf7W"><span class="ProductRating_rating__lMxS9"><div class="ProductRating_star__RGSlV" style="width:100%">5</div></span><span class="ProductRating_ratingCount__R0Vhz">(<!-- -->21444<!-- -->)</span></div><div class="fw-pt-[10px] "><div class="BenefitBadge_cash-benefit__SmkrN"><div><img src="https://image.coupangcdn.com/image/badges/cashback/web/list-cash-icon@2x.png" alt="최대 3,485원 적립" loading="lazy"><span>최대 3,485원 적립</span></div></div></div></div></a></li><li class="ProductUnit_productUnit__Qd6sv" data-id="84993541516"><a href="/vp/products/7180571360?itemId=18819838315&amp;vendorItemId=84993541516&amp;q=유산균&amp;searchId=1a76afe61280463&amp;sourceType=search&amp;itemsCount=36&amp;searchRank=23&amp;rank=23" target="_blank"><figure class="ProductUnit_productImage__Mqcg1"><img alt="CJ 바이오코어 건강한 생유산균 500억, 60정, 2개" loading="lazy" width="230" height="230" decoding="async" data-nimg="1" style="color:transparent" src="https://thumbnail.coupangcdn.com/thumbnails/remote/320x320ex/image/vendor_inventory/0aa5/87752110b7a71ba842d65a9e7eea272efd26f90ebe67e9a6598c43ba319f.jpg"></figure><div class="ProductUnit_productInfo__1l0il"><div class="fw-flex fw-flex-wrap fw-gap-[4px] fw-items-center fw-px-0 fw-py-[10px]"></div><div class="fw-flex fw-flex-wrap fw-gap-[4px] fw-items-center fw-px-0 fw-pb-[10px] empty:fw-hidden"></div><div class="ProductUnit_productNameV2__cV9cw">CJ 바이오코어 건강한 생유산균 500억, 60정, 2개</div><div class="PriceArea_priceArea__NntJz"><div class="custom-oos fw-mb-[1px] fw-flex fw-flex-wrap fw-items-center fw-gap-x-[4px] fw-gap-y-[1px]"><span class="custom-oos fw-text-[13px]/[16px] fw-break-all fw-text-red-700">할인</span><span class="fw-text-[13px]/[16px] fw-text-bluegray-900 fw-font-bold fw-tabular-nums">· 19:17:25</span><del class="custom-oos fw-text-[12px]/[14px] fw-line-through fw-text-bluegray-600">130,000원</del></div><div class="custom-oos"><div class="custom-oos fw-flex fw-flex-wrap fw-items-center fw-gap-y-[1px]"><div class="custom-oos fw-flex fw-items-center"><div class="custom-oos fw-flex fw-items-center fw-pl-[4px] fw-h-[20px] fw-text-[14px] fw-font-bold fw-text-white fw-bg-red-700 fw-z-[2]"><span class="custom-oos fw-translate-y-[1px]">54<!-- -->%</span></div><svg class="fw-block fw-ml-[-1px] fw-w-[11px] fw-h-[20px] fw-z-[1]" xmlns="http://www.w3.org/2000/svg" width="11" height="20" viewBox="0 0 11 20" fill="none"><path d="M11 0L3.78947 18.1083C3.33465 19.2505 2.22944 20 1 20H0V10V0H11Z" fill="#CB1400"></path></svg></div><div class="custom-oos fw-text-[20px]/[24px] fw-font-bold fw-mr-[4px] fw-text-red-700">59,000원</div><span class="custom-oos fw-text-[12px]/[15px] fw-text-red-700">(<!-- -->1정당 492원<!-- -->)</span></div></div></div><div class="fw-text-[14px] [&amp;&gt;div]:fw-pt-[8px]"><div class="fw-flex fw-flex-wrap fw-gap-[4px] fw-items-center"><div class="fw-leading-[15px]"><span style="color:#212B36;font-size:12px">모레(토) </span><span style="color:#212B36;font-size:12px">도착 예정</span></div></div><div class="!fw-pt-[4px] fw-leading-[15px]"><span style="color:#454F5B;font-size:12px">무료배송 ∙ 오늘출발</span></div></div><div class="ProductRating_productRating__jjf7W"><span class="ProductRating_rating__lMxS9"><div class="ProductRating_star__RGSlV" style="width:100%">5</div></span><span class="ProductRating_ratingCount__R0Vhz">(<!-- -->4057<!-- -->)</span></div><div class="fw-pt-[10px] "><div class="BenefitBadge_cash-benefit__SmkrN"><div><img src="https://image.coupangcdn.com/image/badges/cashback/web/list-cash-icon@2x.png" alt="최대 2,950원 적립" loading="lazy"><span>최대 2,950원 적립</span></div></div></div></div></a></li><li class="ProductUnit_productUnit__Qd6sv" data-id="90892086477"><a href="/vp/products/8279510233?itemId=23869002865&amp;vendorItemId=90892086477&amp;q=유산균&amp;searchId=1a76afe61280463&amp;sourceType=search&amp;itemsCount=36&amp;searchRank=24&amp;rank=24" target="_blank"><figure class="ProductUnit_productImage__Mqcg1"><img alt="나우그린 프리미엄 비피더스 100, 30정, 1개" loading="lazy" width="230" height="230" decoding="async" data-nimg="1" style="color:transparent" src="https://thumbnail.coupangcdn.com/thumbnails/remote/320x320ex/image/retail/images/2024/08/09/17/8/807fd414-812b-4504-b650-1e289fbe8db7.jpg"></figure><div class="ProductUnit_productInfo__1l0il"><div class="fw-flex fw-flex-wrap fw-gap-[4px] fw-items-center fw-px-0 fw-py-[10px]"></div><div class="fw-flex fw-flex-wrap fw-gap-[4px] fw-items-center fw-px-0 fw-pb-[10px] empty:fw-hidden"></div><div class="ProductUnit_productNameV2__cV9cw">나우그린 프리미엄 비피더스 100, 30정, 1개</div><div class="PriceArea_priceArea__NntJz"><div class="custom-oos fw-mb-[1px] fw-flex fw-flex-wrap fw-items-center fw-gap-x-[4px] fw-gap-y-[1px]"><del class="custom-oos fw-text-[12px]/[14px] fw-line-through fw-text-bluegray-600">23,800원</del></div><div class="custom-oos"><div class="custom-oos fw-flex fw-flex-wrap fw-items-center fw-gap-y-[1px]"><div class="custom-oos fw-mr-[2px] fw-text-[14px] fw-font-bold fw-text-bluegray-900">16<!-- -->%</div><div class="custom-oos fw-text-[20px]/[24px] fw-font-bold fw-mr-[4px] fw-text-bluegray-900">19,900원</div><span class="custom-oos fw-text-[12px]/[15px] fw-text-bluegray-900">(<!-- -->1정당 663원<!-- -->)</span></div></div></div><div class="fw-text-[14px] [&amp;&gt;div]:fw-pt-[8px]"><div class="fw-flex fw-flex-wrap fw-gap-[4px] fw-items-center"><div class="fw-flex fw-flex-wrap fw-gap-[4px] fw-items-center"><div class="ImageBadge_default__JWaYp"><img class="custom-oos" src="https://image.coupangcdn.com/image/rds/delivery_badge_ext/badge_1998ab96bf7.png" alt="" loading="lazy"></div></div><div class="fw-leading-[15px]"><span style="color:#008C00;font-size:12px">내일(금) </span><span style="color:#008C00;font-size:12px">도착 보장</span></div></div><div class="!fw-pt-[4px] fw-leading-[15px]"><span style="color:#454F5B;font-weight:bold;font-size:12px">무료배송</span></div></div><div class="ProductRating_productRating__jjf7W"><span class="ProductRating_rating__lMxS9"><div class="ProductRating_star__RGSlV" style="width:100%">5</div></span><span class="ProductRating_ratingCount__R0Vhz">(<!-- -->2475<!-- -->)</span></div><div class="fw-pt-[10px] "><div class="BenefitBadge_cash-benefit__SmkrN"><div><img src="https://image.coupangcdn.com/image/badges/cashback/web/list-cash-icon@2x.png" alt="최대 895원 적립" loading="lazy"><span>최대 895원 적립</span></div></div></div></div></a></li><li class="ProductUnit_productUnit__Qd6sv" data-id="84614166472"><a href="/vp/products/7733505934?itemId=20793952009&amp;vendorItemId=84614166472&amp;q=유산균&amp;searchId=1a76afe61280463&amp;sourceType=search&amp;itemsCount=36&amp;searchRank=25&amp;rank=25" target="_blank"><figure class="ProductUnit_productImage__Mqcg1"><img alt="덴프스 덴마크 유산균이야기 프로, 60정, 1개" loading="lazy" width="230" height="230" decoding="async" data-nimg="1" style="color:transparent" src="https://thumbnail.coupangcdn.com/thumbnails/remote/320x320ex/image/vendor_inventory/ec82/7e0390fd7d18bc1cff830fe512fe98fc6caf1eef98438e25b6df575a67b9.jpg"></figure><div class="ProductUnit_productInfo__1l0il"><div class="fw-flex fw-flex-wrap fw-gap-[4px] fw-items-center fw-px-0 fw-py-[10px]"></div><div class="fw-flex fw-flex-wrap fw-gap-[4px] fw-items-center fw-px-0 fw-pb-[10px] empty:fw-hidden"></div><div class="ProductUnit_productNameV2__cV9cw">덴프스 덴마크 유산균이야기 프로, 60정, 1개</div><div class="PriceArea_priceArea__NntJz"><div class="custom-oos fw-mb-[1px] fw-flex fw-flex-wrap fw-items-center fw-gap-x-[4px] fw-gap-y-[1px]"><del class="custom-oos fw-text-[12px]/[14px] fw-line-through fw-text-bluegray-600">92,000원</del></div><div class="custom-oos"><div class="custom-oos fw-flex fw-flex-wrap fw-items-center fw-gap-y-[1px]"><div class="custom-oos fw-mr-[2px] fw-text-[14px] fw-font-bold fw-text-bluegray-900">68<!-- -->%</div><div class="custom-oos fw-text-[20px]/[24px] fw-font-bold fw-mr-[4px] fw-text-bluegray-900">28,720원</div><span class="custom-oos fw-text-[12px]/[15px] fw-text-bluegray-900">(<!-- -->1정당 479원<!-- -->)</span></div></div></div><div class="fw-text-[14px] [&amp;&gt;div]:fw-pt-[8px]"><div class="fw-flex fw-flex-wrap fw-gap-[4px] fw-items-center"><div class="fw-flex fw-flex-wrap fw-gap-[4px] fw-items-center"><div class="ImageBadge_default__JWaYp"><img class="custom-oos" src="https://image.coupangcdn.com/image/rds/delivery_badge_ext/badge_1998ab96bf7.png" alt="" loading="lazy"></div></div><div class="fw-leading-[15px]"><span style="color:#008C00;font-size:12px">내일(금) </span><span style="color:#008C00;font-size:12px">도착 보장</span></div></div><div class="!fw-pt-[4px] fw-leading-[15px]"><span style="color:#454F5B;font-weight:bold;font-size:12px">무료배송</span></div></div><div class="ProductRating_productRating__jjf7W"><span class="ProductRating_rating__lMxS9"><div class="ProductRating_star__RGSlV" style="width:100%">5</div></span><span class="ProductRating_ratingCount__R0Vhz">(<!-- -->7160<!-- -->)</span></div><div class="fw-pt-[10px] "><div class="BenefitBadge_cash-benefit__SmkrN"><div><img src="https://image.coupangcdn.com/image/badges/cashback/web/list-cash-icon@2x.png" alt="최대 1,364원 적립" loading="lazy"><span>최대 1,364원 적립</span></div></div></div></div></a></li><li class="ProductUnit_productUnit__Qd6sv" data-id="91540021546"><a href="/vp/products/7431776789?itemId=22580297705&amp;vendorItemId=91540021546&amp;q=유산균&amp;searchId=1a76afe61280463&amp;sourceType=search&amp;itemsCount=36&amp;searchRank=26&amp;rank=26" target="_blank"><figure class="ProductUnit_productImage__Mqcg1"><img alt="락토온 프로바이오틱스 생유산균 120포, 300g, 1개" loading="lazy" width="230" height="230" decoding="async" data-nimg="1" style="color:transparent" src="https://thumbnail.coupangcdn.com/thumbnails/remote/320x320ex/image/vendor_inventory/image_audit/prod/702e872b-5746-40c0-b6c3-2da2e29a9b43_fixing_v2.png"></figure><div class="ProductUnit_productInfo__1l0il"><div class="fw-flex fw-flex-wrap fw-gap-[4px] fw-items-center fw-px-0 fw-py-[10px]"></div><div class="fw-flex fw-flex-wrap fw-gap-[4px] fw-items-center fw-px-0 fw-pb-[10px] empty:fw-hidden"></div><div class="ProductUnit_productNameV2__cV9cw">락토온 프로바이오틱스 생유산균 120포, 300g, 1개</div><div class="PriceArea_priceArea__NntJz"><div class="custom-oos fw-mb-[1px] fw-flex fw-flex-wrap fw-items-center fw-gap-x-[4px] fw-gap-y-[1px]"><span class="custom-oos fw-text-[13px]/[16px] fw-break-all fw-text-red-700">할인</span><span class="fw-text-[13px]/[16px] fw-text-bluegray-900 fw-font-bold fw-tabular-nums">· 3일 남음</span><del class="custom-oos fw-text-[12px]/[14px] fw-line-through fw-text-bluegray-600">20,000원</del></div><div class="custom-oos"><div class="custom-oos fw-flex fw-flex-wrap fw-items-center fw-gap-y-[1px]"><div class="custom-oos fw-flex fw-items-center"><div class="custom-oos fw-flex fw-items-center fw-pl-[4px] fw-h-[20px] fw-text-[14px] fw-font-bold fw-text-white fw-bg-red-700 fw-z-[2]"><span class="custom-oos fw-translate-y-[1px]">30<!-- -->%</span></div><svg class="fw-block fw-ml-[-1px] fw-w-[11px] fw-h-[20px] fw-z-[1]" xmlns="http://www.w3.org/2000/svg" width="11" height="20" viewBox="0 0 11 20" fill="none"><path d="M11 0L3.78947 18.1083C3.33465 19.2505 2.22944 20 1 20H0V10V0H11Z" fill="#CB1400"></path></svg></div><div class="custom-oos fw-text-[20px]/[24px] fw-font-bold fw-mr-[4px] fw-text-red-700">13,950원</div><span class="custom-oos fw-text-[12px]/[15px] fw-text-red-700">(<!-- -->10g당 465원<!-- -->)</span></div></div></div><div class="fw-text-[14px] [&amp;&gt;div]:fw-pt-[8px]"><div class="fw-flex fw-flex-wrap fw-gap-[4px] fw-items-center"><div class="fw-leading-[15px]"><span style="color:#212B36;font-size:12px">모레(토) </span><span style="color:#212B36;font-size:12px">도착 예정</span></div></div><div class="!fw-pt-[4px] fw-leading-[15px]"><span style="color:#454F5B;font-size:12px">무료배송 ∙ 오늘출발</span></div></div><div class="ProductRating_productRating__jjf7W"><span class="ProductRating_rating__lMxS9"><div class="ProductRating_star__RGSlV" style="width:100%">5</div></span><span class="ProductRating_ratingCount__R0Vhz">(<!-- -->2408<!-- -->)</span></div><div class="fw-pt-[10px] "><div class="BenefitBadge_cash-benefit__SmkrN"><div><img src="https://image.coupangcdn.com/image/badges/cashback/web/list-cash-icon@2x.png" alt="최대 698원 적립" loading="lazy"><span>최대 698원 적립</span></div></div></div></div></a></li><li class="ProductUnit_productUnit__Qd6sv" data-id="89440810281"><a href="/vp/products/7893057219?itemId=23742644972&amp;vendorItemId=89440810281&amp;q=유산균&amp;searchId=1a76afe61280463&amp;sourceType=search&amp;itemsCount=36&amp;searchRank=27&amp;rank=27" target="_blank"><figure class="ProductUnit_productImage__Mqcg1"><img alt="락토핏 당케어 유산균, 120g, 3개" loading="lazy" width="230" height="230" decoding="async" data-nimg="1" style="color:transparent" src="https://thumbnail.coupangcdn.com/thumbnails/remote/320x320ex/image/retail/images/551991288652272-d572a09d-37e5-4546-a26f-376df95a11fb.jpg"></figure><div class="ProductUnit_productInfo__1l0il"><div class="fw-flex fw-flex-wrap fw-gap-[4px] fw-items-center fw-px-0 fw-py-[10px]"><div class="TextBadge_benefit__bkexk" data-badge-type="benefit">326원 캐시 적립</div></div><div class="fw-flex fw-flex-wrap fw-gap-[4px] fw-items-center fw-px-0 fw-pb-[10px] empty:fw-hidden"></div><div class="ProductUnit_productNameV2__cV9cw">락토핏 당케어 유산균, 120g, 3개</div><div class="PriceArea_priceArea__NntJz"><div class="custom-oos fw-mb-[1px] fw-flex fw-flex-wrap fw-items-center fw-gap-x-[4px] fw-gap-y-[1px]"><span class="custom-oos fw-text-[13px]/[16px] fw-break-all fw-text-red-700">쿠폰할인</span><del class="custom-oos fw-text-[12px]/[14px] fw-line-through fw-text-bluegray-600">105,000원</del></div><div class="custom-oos"><div class="custom-oos fw-flex fw-flex-wrap fw-items-center fw-gap-y-[1px]"><div class="custom-oos fw-flex fw-items-center"><div class="custom-oos fw-flex fw-items-center fw-pl-[4px] fw-h-[20px] fw-text-[14px] fw-font-bold fw-text-white fw-bg-red-700 fw-z-[2]"><span class="custom-oos fw-translate-y-[1px]">68<!-- -->%</span></div><svg class="fw-block fw-ml-[-1px] fw-w-[11px] fw-h-[20px] fw-z-[1]" xmlns="http://www.w3.org/2000/svg" width="11" height="20" viewBox="0 0 11 20" fill="none"><path d="M11 0L3.78947 18.1083C3.33465 19.2505 2.22944 20 1 20H0V10V0H11Z" fill="#CB1400"></path></svg></div><div class="custom-oos fw-text-[20px]/[24px] fw-font-bold fw-mr-[4px] fw-text-red-700">32,670원</div><span class="custom-oos fw-text-[12px]/[15px] fw-text-red-700">(<!-- -->10g당 908원<!-- -->)</span></div></div></div><div class="fw-text-[14px] [&amp;&gt;div]:fw-pt-[8px]"><div class="fw-flex fw-flex-wrap fw-gap-[4px] fw-items-center"><div class="fw-flex fw-flex-wrap fw-gap-[4px] fw-items-center"><div class="ImageBadge_default__JWaYp"><img class="custom-oos" src="https://image.coupangcdn.com/image/rds/delivery_badge_ext/badge_1998ab96bf7.png" alt="" loading="lazy"></div></div><div class="fw-leading-[15px]"><span style="color:#008C00;font-size:12px">내일(금) </span><span style="color:#008C00;font-size:12px">도착 보장</span></div></div><div class="!fw-pt-[4px] fw-leading-[15px]"><span style="color:#454F5B;font-weight:bold;font-size:12px">무료배송</span></div></div><div class="ProductRating_productRating__jjf7W"><span class="ProductRating_rating__lMxS9"><div class="ProductRating_star__RGSlV" style="width:100%">5</div></span><span class="ProductRating_ratingCount__R0Vhz">(<!-- -->14241<!-- -->)</span></div><div class="fw-pt-[10px] "><div class="BenefitBadge_cash-benefit__SmkrN"><div><img src="https://image.coupangcdn.com/image/badges/cashback/web/list-cash-icon@2x.png" alt="최대 1,634원 적립" loading="lazy"><span>최대 1,634원 적립</span></div></div></div></div></a></li><li class="ProductUnit_productUnit__Qd6sv" data-id="85072692918"><a href="/vp/products/7201469545?itemId=18204296291&amp;vendorItemId=85072692918&amp;q=유산균&amp;searchId=1a76afe61280463&amp;sourceType=search&amp;itemsCount=36&amp;searchRank=28&amp;rank=28" target="_blank"><figure class="ProductUnit_productImage__Mqcg1"><img alt="락토핏 키즈 유산균, 120g, 3개" loading="lazy" width="230" height="230" decoding="async" data-nimg="1" style="color:transparent" src="https://thumbnail.coupangcdn.com/thumbnails/remote/320x320ex/image/retail/images/1143494337651525-cb11855f-1775-4f3f-b957-9b596d3f7a16.jpg"></figure><div class="ProductUnit_productInfo__1l0il"><div class="fw-flex fw-flex-wrap fw-gap-[4px] fw-items-center fw-px-0 fw-py-[10px]"></div><div class="fw-flex fw-flex-wrap fw-gap-[4px] fw-items-center fw-px-0 fw-pb-[10px] empty:fw-hidden"></div><div class="ProductUnit_productNameV2__cV9cw">락토핏 키즈 유산균, 120g, 3개</div><div class="PriceArea_priceArea__NntJz"><div class="custom-oos"><div class="custom-oos fw-flex fw-flex-wrap fw-items-center fw-gap-y-[1px]"><div class="custom-oos fw-text-[20px]/[24px] fw-font-bold fw-mr-[4px] fw-text-bluegray-900">32,280원</div><span class="custom-oos fw-text-[12px]/[15px] fw-text-bluegray-900">(<!-- -->10g당 897원<!-- -->)</span></div></div></div><div class="fw-text-[14px] [&amp;&gt;div]:fw-pt-[8px]"><div class="fw-flex fw-flex-wrap fw-gap-[4px] fw-items-center"><div class="fw-flex fw-flex-wrap fw-gap-[4px] fw-items-center"><div class="ImageBadge_default__JWaYp"><img class="custom-oos" src="https://image.coupangcdn.com/image/rds/delivery_badge_ext/badge_1998ab96bf7.png" alt="" loading="lazy"></div></div><div class="fw-leading-[15px]"><span style="color:#008C00;font-size:12px">내일(금) </span><span style="color:#008C00;font-size:12px">도착 보장</span></div></div><div class="!fw-pt-[4px] fw-leading-[15px]"><span style="color:#454F5B;font-weight:bold;font-size:12px">무료배송</span></div></div><div class="ProductRating_productRating__jjf7W"><span class="ProductRating_rating__lMxS9"><div class="ProductRating_star__RGSlV" style="width:100%">5</div></span><span class="ProductRating_ratingCount__R0Vhz">(<!-- -->63405<!-- -->)</span></div><div class="fw-pt-[10px] "><div class="BenefitBadge_cash-benefit__SmkrN"><div><img src="https://image.coupangcdn.com/image/badges/cashback/web/list-cash-icon@2x.png" alt="최대 1,614원 적립" loading="lazy"><span>최대 1,614원 적립</span></div></div></div></div></a></li><li class="ProductUnit_productUnit__Qd6sv" data-id="93359741980"><a href="/vp/products/7201475105?itemId=17971874223&amp;vendorItemId=93359741980&amp;q=유산균&amp;searchId=1a76afe61280463&amp;sourceType=search&amp;itemsCount=36&amp;searchRank=29&amp;rank=29" target="_blank"><figure class="ProductUnit_productImage__Mqcg1"><img alt="서울약사신협 프로바이오틱스 생유산균 골드, 250g, 1개" loading="lazy" width="230" height="230" decoding="async" data-nimg="1" style="color:transparent" src="https://thumbnail.coupangcdn.com/thumbnails/remote/320x320ex/image/vendor_inventory/4df0/39f3fbcbaf06aaddcb0734ce7872dd61ed8e89ec50b86da26c9725b82df9.jpg"></figure><div class="ProductUnit_productInfo__1l0il"><div class="fw-flex fw-flex-wrap fw-gap-[4px] fw-items-center fw-px-0 fw-py-[10px]"></div><div class="fw-flex fw-flex-wrap fw-gap-[4px] fw-items-center fw-px-0 fw-pb-[10px] empty:fw-hidden"></div><div class="ProductUnit_productNameV2__cV9cw">서울약사신협 프로바이오틱스 생유산균 골드, 250g, 1개</div><div class="PriceArea_priceArea__NntJz"><div class="custom-oos fw-mb-[1px] fw-flex fw-flex-wrap fw-items-center fw-gap-x-[4px] fw-gap-y-[1px]"><span class="custom-oos fw-text-[13px]/[16px] fw-break-all fw-text-red-700">할인</span><del class="custom-oos fw-text-[12px]/[14px] fw-line-through fw-text-bluegray-600">21,900원</del></div><div class="custom-oos"><div class="custom-oos fw-flex fw-flex-wrap fw-items-center fw-gap-y-[1px]"><div class="custom-oos fw-flex fw-items-center"><div class="custom-oos fw-flex fw-items-center fw-pl-[4px] fw-h-[20px] fw-text-[14px] fw-font-bold fw-text-white fw-bg-red-700 fw-z-[2]"><span class="custom-oos fw-translate-y-[1px]">28<!-- -->%</span></div><svg class="fw-block fw-ml-[-1px] fw-w-[11px] fw-h-[20px] fw-z-[1]" xmlns="http://www.w3.org/2000/svg" width="11" height="20" viewBox="0 0 11 20" fill="none"><path d="M11 0L3.78947 18.1083C3.33465 19.2505 2.22944 20 1 20H0V10V0H11Z" fill="#CB1400"></path></svg></div><div class="custom-oos fw-text-[20px]/[24px] fw-font-bold fw-mr-[4px] fw-text-red-700">15,750원</div><span class="custom-oos fw-text-[12px]/[15px] fw-text-red-700">(<!-- -->10g당 630원<!-- -->)</span></div></div></div><div class="fw-text-[14px] [&amp;&gt;div]:fw-pt-[8px]"><div class="fw-flex fw-flex-wrap fw-gap-[4px] fw-items-center"><div class="fw-leading-[15px]"><span style="color:#212B36;font-size:12px">모레(토) </span><span style="color:#212B36;font-size:12px">도착 예정</span></div></div><div class="!fw-pt-[4px] fw-leading-[15px]"><span style="color:#454F5B;font-size:12px">무료배송 ∙ 오늘출발</span></div></div><div class="ProductRating_productRating__jjf7W"><span class="ProductRating_rating__lMxS9"><div class="ProductRating_star__RGSlV" style="width:100%">5</div></span><span class="ProductRating_ratingCount__R0Vhz">(<!-- -->6225<!-- -->)</span></div><div class="fw-pt-[10px] "><div class="BenefitBadge_cash-benefit__SmkrN"><div><img src="https://image.coupangcdn.com/image/badges/cashback/web/list-cash-icon@2x.png" alt="최대 780원 적립" loading="lazy"><span>최대 780원 적립</span></div></div></div></div></a></li><li class="ProductUnit_productUnit__Qd6sv" data-id="94123560957"><a href="/vp/products/7835608908?itemId=26528746007&amp;vendorItemId=94123560957&amp;q=유산균&amp;searchId=1a76afe61280463&amp;sourceType=search&amp;itemsCount=36&amp;searchRank=30&amp;rank=30" target="_blank"><figure class="ProductUnit_productImage__Mqcg1"><img alt="덴프스 덴마크 유산균이야기 60캡슐, 60정, 2박스" loading="lazy" width="230" height="230" decoding="async" data-nimg="1" style="color:transparent" src="https://thumbnail.coupangcdn.com/thumbnails/remote/320x320ex/image/vendor_inventory/d263/ba2e605902d5f7924d9148c38e6a46da133206779f7b40f35502dc0753ad.jpg"></figure><div class="ProductUnit_productInfo__1l0il"><div class="fw-flex fw-flex-wrap fw-gap-[4px] fw-items-center fw-px-0 fw-py-[10px]"></div><div class="fw-flex fw-flex-wrap fw-gap-[4px] fw-items-center fw-px-0 fw-pb-[10px] empty:fw-hidden"></div><div class="ProductUnit_productNameV2__cV9cw">덴프스 덴마크 유산균이야기 60캡슐, 60정, 2박스</div><div class="PriceArea_priceArea__NntJz"><div class="custom-oos"><div class="custom-oos fw-flex fw-flex-wrap fw-items-center fw-gap-y-[1px]"><div class="custom-oos fw-text-[20px]/[24px] fw-font-bold fw-mr-[4px] fw-text-bluegray-900">45,790원</div><span class="custom-oos fw-text-[12px]/[15px] fw-text-bluegray-900">(<!-- -->1정당 382원<!-- -->)</span></div></div></div><div class="fw-text-[14px] [&amp;&gt;div]:fw-pt-[8px]"><div class="fw-flex fw-flex-wrap fw-gap-[4px] fw-items-center"><div class="fw-leading-[15px]"><span style="color:#212B36;font-size:12px">모레(토) </span><span style="color:#212B36;font-size:12px">도착 예정</span></div></div><div class="!fw-pt-[4px] fw-leading-[15px]"><span style="color:#454F5B;font-size:12px">무료배송 ∙ 오늘출발</span></div></div><div class="ProductRating_productRating__jjf7W"><span class="ProductRating_rating__lMxS9"><div class="ProductRating_star__RGSlV" style="width:100%">5</div></span><span class="ProductRating_ratingCount__R0Vhz">(<!-- -->20815<!-- -->)</span></div><div class="fw-pt-[10px] "><div class="BenefitBadge_cash-benefit__SmkrN"><div><img src="https://image.coupangcdn.com/image/badges/cashback/web/list-cash-icon@2x.png" alt="최대 2,290원 적립" loading="lazy"><span>최대 2,290원 적립</span></div></div></div></div></a></li><li class="ProductUnit_productUnit__Qd6sv" data-id="71966623886"><a href="/vp/products/8232473970?itemId=23695709478&amp;vendorItemId=71966623886&amp;q=유산균&amp;searchId=1a76afe61280463&amp;sourceType=search&amp;itemsCount=36&amp;searchRank=31&amp;rank=31" target="_blank"><figure class="ProductUnit_productImage__Mqcg1"><img alt="지큐랩 100억 생유산균 골드, 60정, 1개" loading="lazy" width="230" height="230" decoding="async" data-nimg="1" style="color:transparent" src="https://thumbnail.coupangcdn.com/thumbnails/remote/320x320ex/image/retail/images/3410697474262907-78b72742-0030-4e1c-b081-5ab05ccaf773.jpg"></figure><div class="ProductUnit_productInfo__1l0il"><div class="fw-flex fw-flex-wrap fw-gap-[4px] fw-items-center fw-px-0 fw-py-[10px]"></div><div class="fw-flex fw-flex-wrap fw-gap-[4px] fw-items-center fw-px-0 fw-pb-[10px] empty:fw-hidden"></div><div class="ProductUnit_productNameV2__cV9cw">지큐랩 100억 생유산균 골드, 60정, 1개</div><div class="PriceArea_priceArea__NntJz"><div class="custom-oos"><div class="custom-oos fw-flex fw-flex-wrap fw-items-center fw-gap-y-[1px]"><div class="custom-oos fw-text-[20px]/[24px] fw-font-bold fw-mr-[4px] fw-text-bluegray-900">22,520원</div><span class="custom-oos fw-text-[12px]/[15px] fw-text-bluegray-900">(<!-- -->1정당 375원<!-- -->)</span></div></div></div><div class="fw-text-[14px] [&amp;&gt;div]:fw-pt-[8px]"><div class="fw-flex fw-flex-wrap fw-gap-[4px] fw-items-center"><div class="fw-flex fw-flex-wrap fw-gap-[4px] fw-items-center"><div class="ImageBadge_default__JWaYp"><img class="custom-oos" src="https://image.coupangcdn.com/image/rds/delivery_badge_ext/badge_1998ab96bf7.png" alt="" loading="lazy"></div></div><div class="fw-leading-[15px]"><span style="color:#008C00;font-size:12px">내일(금) </span><span style="color:#008C00;font-size:12px">도착 보장</span></div></div><div class="!fw-pt-[4px] fw-leading-[15px]"><span style="color:#454F5B;font-weight:bold;font-size:12px">무료배송</span></div></div><div class="ProductRating_productRating__jjf7W"><span class="ProductRating_rating__lMxS9"><div class="ProductRating_star__RGSlV" style="width:100%">5</div></span><span class="ProductRating_ratingCount__R0Vhz">(<!-- -->13987<!-- -->)</span></div><div class="fw-pt-[10px] "><div class="BenefitBadge_cash-benefit__SmkrN"><div><img src="https://image.coupangcdn.com/image/badges/cashback/web/list-cash-icon@2x.png" alt="최대 1,126원 적립" loading="lazy"><span>최대 1,126원 적립</span></div></div></div></div></a></li><li class="ProductUnit_productUnit__Qd6sv" data-id="85093993993"><a href="/vp/products/5498533952?itemId=21793283596&amp;vendorItemId=85093993993&amp;q=유산균&amp;searchId=1a76afe61280463&amp;sourceType=search&amp;itemsCount=36&amp;searchRank=32&amp;rank=32" target="_blank"><figure class="ProductUnit_productImage__Mqcg1"><img alt="락토핏 코어 유산균 60p, 120g, 2개" loading="lazy" width="230" height="230" decoding="async" data-nimg="1" style="color:transparent" src="https://thumbnail.coupangcdn.com/thumbnails/remote/320x320ex/image/retail/images/80966358595446-cde4ad0a-aed2-48cd-a7ab-4d5179ffe1c3.jpg"></figure><div class="ProductUnit_productInfo__1l0il"><div class="fw-flex fw-flex-wrap fw-gap-[4px] fw-items-center fw-px-0 fw-py-[10px]"></div><div class="fw-flex fw-flex-wrap fw-gap-[4px] fw-items-center fw-px-0 fw-pb-[10px] empty:fw-hidden"></div><div class="ProductUnit_productNameV2__cV9cw">락토핏 코어 유산균 60p, 120g, 2개</div><div class="PriceArea_priceArea__NntJz"><div class="custom-oos"><div class="custom-oos fw-flex fw-flex-wrap fw-items-center fw-gap-y-[1px]"><div class="custom-oos fw-text-[20px]/[24px] fw-font-bold fw-mr-[4px] fw-text-bluegray-900">24,700원</div><span class="custom-oos fw-text-[12px]/[15px] fw-text-bluegray-900">(<!-- -->10g당 1,029원<!-- -->)</span></div></div></div><div class="fw-text-[14px] [&amp;&gt;div]:fw-pt-[8px]"><div class="fw-flex fw-flex-wrap fw-gap-[4px] fw-items-center"><div class="fw-flex fw-flex-wrap fw-gap-[4px] fw-items-center"><div class="ImageBadge_default__JWaYp"><img class="custom-oos" src="https://image.coupangcdn.com/image/rds/delivery_badge_ext/badge_1998ab96bf7.png" alt="" loading="lazy"></div></div><div class="fw-leading-[15px]"><span style="color:#008C00;font-size:12px">내일(금) </span><span style="color:#008C00;font-size:12px">도착 보장</span></div></div><div class="!fw-pt-[4px] fw-leading-[15px]"><span style="color:#454F5B;font-weight:bold;font-size:12px">무료배송</span></div></div><div class="ProductRating_productRating__jjf7W"><span class="ProductRating_rating__lMxS9"><div class="ProductRating_star__RGSlV" style="width:100%">5</div></span><span class="ProductRating_ratingCount__R0Vhz">(<!-- -->70106<!-- -->)</span></div><div class="fw-pt-[10px] "><div class="BenefitBadge_cash-benefit__SmkrN"><div><img src="https://image.coupangcdn.com/image/badges/cashback/web/list-cash-icon@2x.png" alt="최대 1,235원 적립" loading="lazy"><span>최대 1,235원 적립</span></div></div></div></div></a></li><li class="ProductUnit_productUnit__Qd6sv" data-id="70524758059"><a href="/vp/products/8336583914?itemId=24215241874&amp;vendorItemId=70524758059&amp;q=유산균&amp;searchId=1a76afe61280463&amp;sourceType=search&amp;itemsCount=36&amp;searchRank=33&amp;rank=33" target="_blank"><figure class="ProductUnit_productImage__Mqcg1"><img alt="재로우 펨 도필러스 유산균 서플먼트 10억 CFU 베지 캡슐, 60정, 2개" loading="lazy" width="230" height="230" decoding="async" data-nimg="1" style="color:transparent" src="https://thumbnail.coupangcdn.com/thumbnails/remote/320x320ex/image/vendor_inventory/9a60/509070e855d54bf1c857fd87c0213649043e232d4a8c4877f2048852f4a8.jpeg"></figure><div class="ProductUnit_productInfo__1l0il"><div class="fw-flex fw-flex-wrap fw-gap-[4px] fw-items-center fw-px-0 fw-py-[10px]"></div><div class="fw-flex fw-flex-wrap fw-gap-[4px] fw-items-center fw-px-0 fw-pb-[10px] empty:fw-hidden"></div><div class="ProductUnit_productNameV2__cV9cw">재로우 펨 도필러스 유산균 서플먼트 10억 CFU 베지 캡슐, 60정, 2개</div><div class="PriceArea_priceArea__NntJz"><div class="custom-oos fw-mb-[1px] fw-flex fw-flex-wrap fw-items-center fw-gap-x-[4px] fw-gap-y-[1px]"><span class="custom-oos fw-text-[13px]/[16px] fw-break-all fw-text-red-700">할인</span><del class="custom-oos fw-text-[12px]/[14px] fw-line-through fw-text-bluegray-600">79,580원</del></div><div class="custom-oos"><div class="custom-oos fw-flex fw-flex-wrap fw-items-center fw-gap-y-[1px]"><div class="custom-oos fw-flex fw-items-center"><div class="custom-oos fw-flex fw-items-center fw-pl-[4px] fw-h-[20px] fw-text-[14px] fw-font-bold fw-text-white fw-bg-red-700 fw-z-[2]"><span class="custom-oos fw-translate-y-[1px]">10<!-- -->%</span></div><svg class="fw-block fw-ml-[-1px] fw-w-[11px] fw-h-[20px] fw-z-[1]" xmlns="http://www.w3.org/2000/svg" width="11" height="20" viewBox="0 0 11 20" fill="none"><path d="M11 0L3.78947 18.1083C3.33465 19.2505 2.22944 20 1 20H0V10V0H11Z" fill="#CB1400"></path></svg></div><div class="custom-oos fw-text-[20px]/[24px] fw-font-bold fw-mr-[4px] fw-text-red-700">71,620원</div><span class="custom-oos fw-text-[12px]/[15px] fw-text-red-700">(<!-- -->1정당 597원<!-- -->)</span></div></div></div><div class="fw-text-[14px] [&amp;&gt;div]:fw-pt-[8px]"><div class="fw-flex fw-flex-wrap fw-gap-[4px] fw-items-center"><div class="fw-flex fw-flex-wrap fw-gap-[4px] fw-items-center"><span class="fw-text-[14px] fw-text-bluegray-900">미국</span><div class="ImageBadge_default__JWaYp"><img class="custom-oos" src="https://image.coupangcdn.com/image/coupang/rds/logo/xhdpi/logo_jikgu_medium.png" alt="" loading="lazy"></div></div><div class="fw-leading-[15px]"><span style="color:#212B36;font-size:12px">11/23(일) </span><span style="color:#212B36;font-size:12px">도착 예정</span></div></div><div class="!fw-pt-[4px] fw-leading-[15px]"><span style="color:#454F5B;font-weight:bold;font-size:12px">무료배송</span></div></div><div class="ProductRating_productRating__jjf7W"><span class="ProductRating_rating__lMxS9"><div class="ProductRating_star__RGSlV" style="width:100%">5</div></span><span class="ProductRating_ratingCount__R0Vhz">(<!-- -->75960<!-- -->)</span></div><div class="fw-pt-[10px] "><div class="BenefitBadge_cash-benefit__SmkrN"><div><img src="https://image.coupangcdn.com/image/badges/cashback/web/list-cash-icon@2x.png" alt="최대 3,581원 적립" loading="lazy"><span>최대 3,581원 적립</span></div></div></div></div></a></li><li class="ProductUnit_productUnit__Qd6sv" data-id="91704307899"><a href="/vp/products/7458810098?itemId=16502371453&amp;vendorItemId=91704307899&amp;q=유산균&amp;searchId=1a76afe61280463&amp;sourceType=search&amp;itemsCount=36&amp;searchRank=34&amp;rank=34" target="_blank"><figure class="ProductUnit_productImage__Mqcg1"><img alt="종근당건당 락토핏 생유산균 골드 프로바이오틱스, 100g, 2개" loading="lazy" width="230" height="230" decoding="async" data-nimg="1" style="color:transparent" src="https://thumbnail.coupangcdn.com/thumbnails/remote/320x320ex/image/vendor_inventory/1a93/d2b03ee138a0c2dac66a5a1b27e1deffe58e85e1a5c0b552088c0d0e2588.jpg"></figure><div class="ProductUnit_productInfo__1l0il"><div class="fw-flex fw-flex-wrap fw-gap-[4px] fw-items-center fw-px-0 fw-py-[10px]"></div><div class="fw-flex fw-flex-wrap fw-gap-[4px] fw-items-center fw-px-0 fw-pb-[10px] empty:fw-hidden"></div><div class="ProductUnit_productNameV2__cV9cw">종근당건당 락토핏 생유산균 골드 프로바이오틱스, 100g, 2개</div><div class="PriceArea_priceArea__NntJz"><div class="custom-oos"><div class="custom-oos fw-flex fw-flex-wrap fw-items-center fw-gap-y-[1px]"><div class="custom-oos fw-text-[20px]/[24px] fw-font-bold fw-mr-[4px] fw-text-bluegray-900">20,690원</div><span class="custom-oos fw-text-[12px]/[15px] fw-text-bluegray-900">(<!-- -->10g당 1,035원<!-- -->)</span></div></div></div><div class="fw-text-[14px] [&amp;&gt;div]:fw-pt-[8px]"><div class="fw-flex fw-flex-wrap fw-gap-[4px] fw-items-center"><div class="fw-leading-[15px]"><span style="color:#212B36;font-size:12px">모레(토) </span><span style="color:#212B36;font-size:12px">도착 예정</span></div></div><div class="!fw-pt-[4px] fw-leading-[15px]"><span style="color:#454F5B;font-size:12px">무료배송</span></div></div><div class="ProductRating_productRating__jjf7W"><span class="ProductRating_rating__lMxS9"><div class="ProductRating_star__RGSlV" style="width:100%">5</div></span><span class="ProductRating_ratingCount__R0Vhz">(<!-- -->212428<!-- -->)</span></div><div class="fw-pt-[10px] "><div class="BenefitBadge_cash-benefit__SmkrN"><div><img src="https://image.coupangcdn.com/image/badges/cashback/web/list-cash-icon@2x.png" alt="최대 1,035원 적립" loading="lazy"><span>최대 1,035원 적립</span></div></div></div></div></a></li><li class="ProductUnit_productUnit__Qd6sv" data-id="88073158563"><a href="/vp/products/7776826657?itemId=21009511284&amp;vendorItemId=88073158563&amp;q=유산균&amp;searchId=1a76afe61280463&amp;sourceType=search&amp;itemsCount=36&amp;searchRank=35&amp;rank=35" target="_blank"><figure class="ProductUnit_productImage__Mqcg1"><img alt="드시모네 프로바이오틱스 캡슐 플러스 1000억 40.2g, 60정, 1개" loading="lazy" width="230" height="230" decoding="async" data-nimg="1" style="color:transparent" src="https://thumbnail.coupangcdn.com/thumbnails/remote/320x320ex/image/retail/images/27726983813937-41cdce49-958d-4b6d-9435-80c6204a7412.jpg"></figure><div class="ProductUnit_productInfo__1l0il"><div class="fw-flex fw-flex-wrap fw-gap-[4px] fw-items-center fw-px-0 fw-py-[10px]"></div><div class="fw-flex fw-flex-wrap fw-gap-[4px] fw-items-center fw-px-0 fw-pb-[10px] empty:fw-hidden"></div><div class="ProductUnit_productNameV2__cV9cw">드시모네 프로바이오틱스 캡슐 플러스 1000억 40.2g, 60정, 1개</div><div class="PriceArea_priceArea__NntJz"><div class="custom-oos"><div class="custom-oos fw-flex fw-flex-wrap fw-items-center fw-gap-y-[1px]"><div class="custom-oos fw-text-[20px]/[24px] fw-font-bold fw-mr-[4px] fw-text-bluegray-900">49,900원</div><span class="custom-oos fw-text-[12px]/[15px] fw-text-bluegray-900">(<!-- -->1정당 832원<!-- -->)</span></div></div></div><div class="fw-text-[14px] [&amp;&gt;div]:fw-pt-[8px]"><div class="fw-flex fw-flex-wrap fw-gap-[4px] fw-items-center"><div class="fw-flex fw-flex-wrap fw-gap-[4px] fw-items-center"><div class="ImageBadge_default__JWaYp"><img class="custom-oos" src="https://image.coupangcdn.com/image/badges/falcon/v1/web/rocket-fresh@2x.png" alt="" loading="lazy"></div></div><div class="fw-leading-[15px]"><span style="color:#008C00;font-size:12px">내일(금) 새벽 </span><span style="color:#008C00;font-size:12px">도착 보장</span></div></div></div><div class="ProductRating_productRating__jjf7W"><span class="ProductRating_rating__lMxS9"><div class="ProductRating_star__RGSlV" style="width:100%">5</div></span><span class="ProductRating_ratingCount__R0Vhz">(<!-- -->560<!-- -->)</span></div><div class="fw-pt-[10px] "><div class="BenefitBadge_cash-benefit__SmkrN"><div><img src="https://image.coupangcdn.com/image/badges/cashback/web/list-cash-icon@2x.png" alt="최대 2,495원 적립" loading="lazy"><span>최대 2,495원 적립</span></div></div></div></div></a></li></ul></div><div class="srp_paginationBar__13Q5U"><div class="Pagination_paginationBar__2s5PC"><div class="Pagination_pagination__eHDDy"><span class="Pagination_prevBtn__Oxrca Pagination_disabled__EbhY6" title="이전"><span>이전</span></span><a class="Pagination_selected__r1eiC" data-page="1" href="https://www.coupang.com/np/search?q=%EC%9C%A0%EC%82%B0%EA%B7%A0&amp;page=1&amp;sorter=saleCountDesc">1</a><a class="" data-page="2" href="https://www.coupang.com/np/search?q=%EC%9C%A0%EC%82%B0%EA%B7%A0&amp;page=2&amp;sorter=saleCountDesc">2</a><a class="" data-page="3" href="https://www.coupang.com/np/search?q=%EC%9C%A0%EC%82%B0%EA%B7%A0&amp;page=3&amp;sorter=saleCountDesc">3</a><a class="" data-page="4" href="https://www.coupang.com/np/search?q=%EC%9C%A0%EC%82%B0%EA%B7%A0&amp;page=4&amp;sorter=saleCountDesc">4</a><a class="" data-page="5" href="https://www.coupang.com/np/search?q=%EC%9C%A0%EC%82%B0%EA%B7%A0&amp;page=5&amp;sorter=saleCountDesc">5</a><a class="" data-page="6" href="https://www.coupang.com/np/search?q=%EC%9C%A0%EC%82%B0%EA%B7%A0&amp;page=6&amp;sorter=saleCountDesc">6</a><a class="" data-page="7" href="https://www.coupang.com/np/search?q=%EC%9C%A0%EC%82%B0%EA%B7%A0&amp;page=7&amp;sorter=saleCountDesc">7</a><a class="" data-page="8" href="https://www.coupang.com/np/search?q=%EC%9C%A0%EC%82%B0%EA%B7%A0&amp;page=8&amp;sorter=saleCountDesc">8</a><a class="" data-page="9" href="https://www.coupang.com/np/search?q=%EC%9C%A0%EC%82%B0%EA%B7%A0&amp;page=9&amp;sorter=saleCountDesc">9</a><a class="" data-page="10" href="https://www.coupang.com/np/search?q=%EC%9C%A0%EC%82%B0%EA%B7%A0&amp;page=10&amp;sorter=saleCountDesc">10</a><a class="Pagination_nextBtn__TUY5t" title="다음" data-page="next" href="https://www.coupang.com/np/search?q=%EC%9C%A0%EC%82%B0%EA%B7%A0&amp;page=2&amp;sorter=saleCountDesc"><span>다음</span></a></div></div></div></div></div></div><div class="jikgu-promo"><div class="carousel-widget-container gw_promotion"><div class="promotion-decker-carousel"><div class="promotion-carousel-header"><div class="promotion-title"> 전세계 핫딜 <span class="fw-text-[#9e20d3]">로켓직구 글로벌특가</span></div><div class="promotion-carousel-page-counter"><em>1</em><span>/2</span></div></div><div class="promotion-carousel-body"><div class="promotion-carousel-scroller-wrap"><div class="carousel-scroller" style="transform: translateX(0%);"><ul class="carousel-list promotion-carousel-list"><li class="promotion-carousel-item" data-id="92089054599"><a href="/vp/products/5808234972?itemId=23100070441&amp;vendorItemId=92089054599&amp;sourceType=SRP_JIKGU_PROMOTION" data-vendor-item-id="92089054599" data-vendor-id="C00332039" data-product-id="5808234972" data-item-id="23100070441" class="impression-logged"><figure class="promotion-item-image"><img alt="유니치 로사 프리마 프리 &amp; 프로바이오틱스 구미, 1개, 60정" loading="lazy" width="160" height="160" decoding="async" data-nimg="1" src="https://static.coupangcdn.com/image/vendor_inventory/1095/de9d43762d5ecf43f3931e338979cd50148763ced628fc746eeba840a7c8.jpg" style="color: transparent;"></figure><div class="promotion-badge">특가진행중</div><div class="promotion-item-info-wrap"><div class="item-title">유니치 로사 프리마 프리 &amp; 프로바이오틱스 구미, 1개, 60정</div><div class="discount-contain"><span class="discount-text">와우할인가</span><span class="discount-rate">11%</span><span class="origin-price">23,970원</span></div><div class="promotion-item-price-contain fw-flex fw-items-center fw-flex-wrap"><span class="sales-price fw-mr-[3px]">21,210원</span><span class="promo-badge"><div class="ImageBadge_default__JWaYp"><img alt="로켓직구" loading="lazy" src="https://static.coupangcdn.com/image/delivery_badge/default/pc/global_b/global_b.png"></div></span></div><div class="unit-price">(1정당 354원)</div><div class="pdd-text">11/26(수) 도착 예정</div><div class="delivery-text">무료배송</div><div class="promotion-item-review"><span class="split-bg item-review-score-bg"><span class="item-review-score split-bg" style="width: 100%;">100%</span></span><span class="promotion-item-review-count">(30)</span></div><div class="stock_percent_contain"><div class="progress_contain"><div class="progress_position" style="width: 91%;"></div></div><div class="progress_text">91% 남음</div></div></div></a></li><li class="promotion-carousel-item" data-id="91387144939"><a href="/vp/products/8427831635?itemId=24379749382&amp;vendorItemId=91387144939&amp;sourceType=SRP_JIKGU_PROMOTION" data-vendor-item-id="91387144939" data-vendor-id="C00332039" data-product-id="8427831635" data-item-id="24379749382" class="impression-logged"><figure class="promotion-item-image"><img alt="라이프스페이스 브로드 스펙트럼 프로바이오틱 320억 CFU 하드 캡슐 + ITS NEATS 7칸 약통, 1개, 120정, 60정" loading="lazy" width="160" height="160" decoding="async" data-nimg="1" src="https://static.coupangcdn.com/image/vendor_inventory/403a/8fd1a482178b670b0aa29eb969fd41e00fee502b987374da45443f71bdfa.jpg" style="color: transparent;"></figure><div class="promotion-badge">특가진행중</div><div class="promotion-item-info-wrap"><div class="item-title">라이프스페이스 브로드 스펙트럼 프로바이오틱 320억 CFU 하드 캡슐 + ITS NEATS 7칸 약통, 1개, 120정, 60정</div><div class="discount-contain"><span class="discount-text">와우할인가</span><span class="discount-rate">18%</span><span class="origin-price">62,140원</span></div><div class="promotion-item-price-contain fw-flex fw-items-center fw-flex-wrap"><span class="sales-price fw-mr-[3px]">50,900원</span><span class="promo-badge"><div class="ImageBadge_default__JWaYp"><img alt="로켓직구" loading="lazy" src="https://static.coupangcdn.com/image/delivery_badge/default/pc/global_b/global_b.png"></div></span></div><div class="unit-price">(1정당 848원)</div><div class="pdd-text">11/26(수) 도착 예정</div><div class="delivery-text">무료배송</div><div class="promotion-item-review"><span class="split-bg item-review-score-bg"><span class="item-review-score split-bg" style="width: 100%;">100%</span></span><span class="promotion-item-review-count">(5)</span></div><div class="stock_percent_contain"><div class="progress_contain"><div class="progress_position" style="width: 96%;"></div></div><div class="progress_text">96% 남음</div></div></div></a></li><li class="promotion-carousel-item" data-id="92877259374"><a href="/vp/products/8705038117?itemId=25891356524&amp;vendorItemId=92877259374&amp;sourceType=SRP_JIKGU_PROMOTION" data-vendor-item-id="92877259374" data-vendor-id="C00332039" data-product-id="8705038117" data-item-id="25891356524" class="impression-logged"><figure class="promotion-item-image"><img alt="씰락 과일 컵 포크 및 물빠짐 바구니 포함, 2개, 노란색" loading="lazy" width="160" height="160" decoding="async" data-nimg="1" src="https://static.coupangcdn.com/image/vendor_inventory/c149/78e07b961d08bc9e6b4f8a6ad570bb91d5ac81f502e32482196ab60b723c.jpeg" style="color: transparent;"></figure><div class="promotion-badge">특가진행중</div><div class="promotion-item-info-wrap"><div class="item-title">씰락 과일 컵 포크 및 물빠짐 바구니 포함, 2개, 노란색</div><div class="discount-contain"><span class="discount-text">와우할인가</span><span class="discount-rate">14%</span><span class="origin-price">9,900원</span></div><div class="promotion-item-price-contain fw-flex fw-items-center fw-flex-wrap"><span class="sales-price fw-mr-[3px]">8,500원</span><span class="promo-badge"><div class="ImageBadge_default__JWaYp"><img alt="로켓직구" loading="lazy" src="https://static.coupangcdn.com/image/delivery_badge/default/pc/global_b/global_b.png"></div></span></div><div class="unit-price">(1개당 4,250원)</div><div class="pdd-text">11/25(화) 도착 예정</div><div class="delivery-text">무료배송</div><div class="promotion-item-review"><span class="split-bg item-review-score-bg"><span class="item-review-score split-bg" style="width: 80%;">80%</span></span><span class="promotion-item-review-count">(11)</span></div><div class="stock_percent_contain"><div class="progress_contain"><div class="progress_position" style="width: 70%;"></div></div><div class="progress_text">70% 남음</div></div></div></a></li><li class="promotion-carousel-item" data-id="92807884337"><a href="/vp/products/8776248841?itemId=25820958845&amp;vendorItemId=92807884337&amp;sourceType=SRP_JIKGU_PROMOTION" data-vendor-item-id="92807884337" data-vendor-id="C00332039" data-product-id="8776248841" data-item-id="25820958845" class="impression-logged"><figure class="promotion-item-image"><img alt="라이프스페이스 프로바이오틱 포 60+ 이어스 하드 캡슐, 3개, 60정" loading="lazy" width="160" height="160" decoding="async" data-nimg="1" src="https://static.coupangcdn.com/image/vendor_inventory/aad1/eb4b440ca30d6be836d0445e6c04b4dbc9bab4bd521cd60ae6f0a15ba30a.jpg" style="color: transparent;"></figure><div class="promotion-badge">특가진행중</div><div class="promotion-item-info-wrap"><div class="item-title">라이프스페이스 프로바이오틱 포 60+ 이어스 하드 캡슐, 3개, 60정</div><div class="discount-contain"><span class="discount-text">와우할인가</span><span class="discount-rate">24%</span><span class="origin-price">100,630원</span></div><div class="promotion-item-price-contain fw-flex fw-items-center fw-flex-wrap"><span class="sales-price fw-mr-[3px]">76,140원</span><span class="promo-badge"><div class="ImageBadge_default__JWaYp"><img alt="로켓직구" loading="lazy" src="https://static.coupangcdn.com/image/delivery_badge/default/pc/global_b/global_b.png"></div></span></div><div class="unit-price">(1정당 423원)</div><div class="pdd-text">11/26(수) 도착 예정</div><div class="delivery-text">무료배송</div><div class="promotion-item-review"><span class="split-bg item-review-score-bg"><span class="item-review-score split-bg" style="width: 100%;">100%</span></span><span class="promotion-item-review-count">(1)</span></div><div class="stock_percent_contain"><div class="progress_contain"><div class="progress_position" style="width: 41%;"></div></div><div class="progress_text">41% 남음</div></div></div></a></li><li class="promotion-carousel-item" data-id="92807886870"><a href="/vp/products/4393938772?itemId=23689592299&amp;vendorItemId=92807886870&amp;sourceType=SRP_JIKGU_PROMOTION" data-vendor-item-id="92807886870" data-vendor-id="C00332039" data-product-id="4393938772" data-item-id="23689592299" class="impression-logged"><figure class="promotion-item-image"><img alt="라이프스페이스 프로바이오틱스 파우더 포 키즈, 60g, 2개" loading="lazy" width="160" height="160" decoding="async" data-nimg="1" src="https://static.coupangcdn.com/image/vendor_inventory/de15/595aa2d15abb8f458e6157fe2a84e5ab438a4b869a6d99c1598f2c2dbaf6.jpg" style="color: transparent;"></figure><div class="promotion-badge">특가진행중</div><div class="promotion-item-info-wrap"><div class="item-title">라이프스페이스 프로바이오틱스 파우더 포 키즈, 60g, 2개</div><div class="discount-contain"><span class="discount-text">와우할인가</span><span class="discount-rate">25%</span><span class="origin-price">64,400원</span></div><div class="promotion-item-price-contain fw-flex fw-items-center fw-flex-wrap"><span class="sales-price fw-mr-[3px]">48,270원</span><span class="promo-badge"><div class="ImageBadge_default__JWaYp"><img alt="로켓직구" loading="lazy" src="https://static.coupangcdn.com/image/delivery_badge/default/pc/global_b/global_b.png"></div></span></div><div class="unit-price">(10g당 4,023원)</div><div class="pdd-text">11/26(수) 도착 예정</div><div class="delivery-text">무료배송</div><div class="promotion-item-review"><span class="split-bg item-review-score-bg"><span class="item-review-score split-bg" style="width: 100%;">100%</span></span><span class="promotion-item-review-count">(4)</span></div><div class="stock_percent_contain"><div class="progress_contain"><div class="progress_position" style="width: 94%;"></div></div><div class="progress_text">94% 남음</div></div></div></a></li><li class="promotion-carousel-item" data-id="92807883136"><a href="/vp/products/170523046?itemId=24126591109&amp;vendorItemId=92807883136&amp;sourceType=SRP_JIKGU_PROMOTION" data-vendor-item-id="92807883136" data-vendor-id="C00332039" data-product-id="170523046" data-item-id="24126591109" class="impression-logged"><figure class="promotion-item-image"><img alt="라이프스페이스 프로바이오틱스 파우더 포 칠드런 100억, 3개, 60g" loading="lazy" width="160" height="160" decoding="async" data-nimg="1" src="https://static.coupangcdn.com/image/vendor_inventory/c526/01106c89faa917b2438e6d3c01bd1000638533afc259ad62a746d08e5dc2.jpg" style="color: transparent;"></figure><div class="promotion-badge">특가진행중</div><div class="promotion-item-info-wrap"><div class="item-title">라이프스페이스 프로바이오틱스 파우더 포 칠드런 100억, 3개, 60g</div><div class="discount-contain"><span class="discount-text">와우할인가</span><span class="discount-rate">21%</span><span class="origin-price">100,630원</span></div><div class="promotion-item-price-contain fw-flex fw-items-center fw-flex-wrap"><span class="sales-price fw-mr-[3px]">78,660원</span><span class="promo-badge"><div class="ImageBadge_default__JWaYp"><img alt="로켓직구" loading="lazy" src="https://static.coupangcdn.com/image/delivery_badge/default/pc/global_b/global_b.png"></div></span></div><div class="unit-price">(10g당 4,370원)</div><div class="pdd-text">11/26(수) 도착 예정</div><div class="delivery-text">무료배송</div><div class="promotion-item-review"><span class="split-bg item-review-score-bg"><span class="item-review-score split-bg" style="width: 100%;">100%</span></span><span class="promotion-item-review-count">(6)</span></div><div class="stock_percent_contain"><div class="progress_contain"><div class="progress_position" style="width: 90%;"></div></div><div class="progress_text">90% 남음</div></div></div></a></li><li class="promotion-carousel-item" data-id="93338229453"><a href="/vp/products/9041490942?itemId=26528137589&amp;vendorItemId=93338229453&amp;sourceType=SRP_JIKGU_PROMOTION" data-vendor-item-id="93338229453" data-vendor-id="C00332039" data-product-id="9041490942" data-item-id="26528137589" class="impression-logged"><figure class="promotion-item-image"><img alt="Shakerism 트리탄 스포츠 단백질 쉐이크 컵, 블랙골드+클리어, 2개, 500ml" loading="lazy" width="160" height="160" decoding="async" data-nimg="1" src="https://static.coupangcdn.com/image/vendor_inventory/d0f6/1efa45b97de8cba2848f8aad55a2b8ee747a2d5dc383e0ae99518847521a.jpg" style="color: transparent;"></figure><div class="promotion-badge">특가진행중</div><div class="promotion-item-info-wrap"><div class="item-title">Shakerism 트리탄 스포츠 단백질 쉐이크 컵, 블랙골드+클리어, 2개, 500ml</div><div class="discount-contain"><span class="discount-text">와우할인가</span><span class="discount-rate">21%</span><span class="origin-price">17,800원</span></div><div class="promotion-item-price-contain fw-flex fw-items-center fw-flex-wrap"><span class="sales-price fw-mr-[3px]">13,900원</span><span class="promo-badge"><div class="ImageBadge_default__JWaYp"><img alt="로켓직구" loading="lazy" src="https://static.coupangcdn.com/image/delivery_badge/default/pc/global_b/global_b.png"></div></span></div><div class="unit-price">(1개당 6,950원)</div><div class="pdd-text">11/25(화) 도착 예정</div><div class="delivery-text">무료배송</div><div class="promotion-item-review"><span class="split-bg item-review-score-bg"><span class="item-review-score split-bg" style="width: 100%;">100%</span></span><span class="promotion-item-review-count">(6)</span></div><div class="stock_percent_contain"><div class="progress_contain"><div class="progress_position" style="width: 91%;"></div></div><div class="progress_text">91% 남음</div></div></div></a></li><li class="promotion-carousel-item" data-id="91387258925"><a href="/vp/products/8428037914?itemId=24380484126&amp;vendorItemId=91387258925&amp;sourceType=SRP_JIKGU_PROMOTION" data-vendor-item-id="91387258925" data-vendor-id="C00332039" data-product-id="8428037914" data-item-id="24380484126" class="impression-logged"><figure class="promotion-item-image"><img alt="라이프스페이스 쉐입 B420 프로바이오틱 150억 CFU 하드 캡슐 + ITS NEATS 7칸 약통, 1개, 180정, 60정" loading="lazy" width="160" height="160" decoding="async" data-nimg="1" src="https://static.coupangcdn.com/image/vendor_inventory/d282/d9d6a39fab7d9c45d6990744fd3a6c6b06ad7a9e9e2a527c44fdbe329d2a.jpg" style="color: transparent;"></figure><div class="promotion-badge">특가진행중</div><div class="promotion-item-info-wrap"><div class="item-title">라이프스페이스 쉐입 B420 프로바이오틱 150억 CFU 하드 캡슐 + ITS NEATS 7칸 약통, 1개, 180정, 60정</div><div class="discount-contain"><span class="discount-text">와우할인가</span><span class="discount-rate">36%</span><span class="origin-price">114,490원</span></div><div class="promotion-item-price-contain fw-flex fw-items-center fw-flex-wrap"><span class="sales-price fw-mr-[3px]">72,950원</span><span class="promo-badge"><div class="ImageBadge_default__JWaYp"><img alt="로켓직구" loading="lazy" src="https://static.coupangcdn.com/image/delivery_badge/default/pc/global_b/global_b.png"></div></span></div><div class="unit-price">(1정당 1,216원)</div><div class="pdd-text">11/26(수) 도착 예정</div><div class="delivery-text">무료배송</div><div class="promotion-item-review"><span class="split-bg item-review-score-bg"><span class="item-review-score split-bg" style="width: 100%;">100%</span></span><span class="promotion-item-review-count">(1)</span></div><div class="stock_percent_contain"><div class="progress_contain"><div class="progress_position" style="width: 99%;"></div></div><div class="progress_text">99% 남음</div></div></div></a></li><li class="promotion-carousel-item" data-id="92899839795"><a href="/vp/products/7923112426?itemId=21773763247&amp;vendorItemId=92899839795&amp;sourceType=SRP_JIKGU_PROMOTION" data-vendor-item-id="92899839795" data-vendor-id="C00687828" data-product-id="7923112426" data-item-id="21773763247" class="impression-logged"><figure class="promotion-item-image"><img alt="BLOWFISHFUGU 채소 필터백 요구르트여과기 여과포 나일론 필터백, 4개" loading="lazy" width="160" height="160" decoding="async" data-nimg="1" src="https://static.coupangcdn.com/image/vendor_inventory/3674/3c47fada2438f0a63b811a0a512a53f533c2a5b35881cf8cf9f549bdc6e9.jpg" style="color: transparent;"></figure><div class="promotion-badge">특가진행중</div><div class="promotion-item-info-wrap"><div class="item-title">BLOWFISHFUGU 채소 필터백 요구르트여과기 여과포 나일론 필터백, 4개</div><div class="discount-contain"><span class="discount-text">와우할인가</span><span class="discount-rate">70%</span><span class="origin-price">27,000원</span></div><div class="promotion-item-price-contain fw-flex fw-items-center fw-flex-wrap"><span class="sales-price fw-mr-[3px]">7,870원</span><span class="promo-badge"><div class="ImageBadge_default__JWaYp"><img alt="로켓직구" loading="lazy" src="https://static.coupangcdn.com/image/delivery_badge/default/pc/global_b/global_b.png"></div></span></div><div class="unit-price">(1개당 1,968원)</div><div class="pdd-text">11/25(화) 도착 예정</div><div class="delivery-text">무료배송</div><div class="promotion-item-review"><span class="split-bg item-review-score-bg"><span class="item-review-score split-bg" style="width: 80%;">80%</span></span><span class="promotion-item-review-count">(5)</span></div><div class="stock_percent_contain"><div class="progress_contain"><div class="progress_position" style="width: 15%;"></div></div><div class="progress_text">15% 남음</div></div></div></a></li><li class="promotion-carousel-item" data-id="92459659327"><a href="/vp/products/8440679797?itemId=24525823487&amp;vendorItemId=92459659327&amp;sourceType=SRP_JIKGU_PROMOTION" data-vendor-item-id="92459659327" data-vendor-id="C01140940" data-product-id="8440679797" data-item-id="24525823487" class="impression-logged"><figure class="promotion-item-image"><img alt="두부틀 프레스 금형 만들기 기계+거름망, 1개" loading="lazy" width="160" height="160" decoding="async" data-nimg="1" src="https://static.coupangcdn.com/image/vendor_inventory/70b2/8d2b49a1318f64443e51a909a4ad6f0229cb94161b286299adff08fbcb0c.jpeg" style="color: transparent;"></figure><div class="promotion-badge">특가진행중</div><div class="promotion-item-info-wrap"><div class="item-title">두부틀 프레스 금형 만들기 기계+거름망, 1개</div><div class="discount-contain"><span class="discount-text">와우할인가</span><span class="discount-rate">86%</span><span class="origin-price">80,890원</span></div><div class="promotion-item-price-contain fw-flex fw-items-center fw-flex-wrap"><span class="sales-price fw-mr-[3px]">10,780원</span><span class="promo-badge"><div class="ImageBadge_default__JWaYp"><img alt="로켓직구" loading="lazy" src="https://static.coupangcdn.com/image/delivery_badge/default/pc/global_b/global_b.png"></div></span></div><div class="unit-price">(1개당 10,780원)</div><div class="pdd-text">11/25(화) 도착 예정</div><div class="delivery-text">무료배송</div><div class="promotion-item-review"><span class="split-bg item-review-score-bg"><span class="item-review-score split-bg" style="width: 100%;">100%</span></span><span class="promotion-item-review-count">(28)</span></div><div class="stock_percent_contain"><div class="progress_contain"><div class="progress_position" style="width: 81%;"></div></div><div class="progress_text">81% 남음</div></div></div></a></li></ul></div></div><a href="#" class="promotion-carousel-arrow-button prev" title="이전 상품 보기" style="display: none;">이전 상품 보기</a><a href="#" class="promotion-carousel-arrow-button next" title="다음 상품 보기" style="display: block;">다음 상품 보기</a></div></div></div></div><div class="also-viewed"><div class="contents"><h2>이 상품을 검색한 다른 분들이 함께 본 상품</h2><div class="sdw-carousel"><div class="container"><button class="prevBtn" title="이전 상품 보기">이전 상품 보기</button><div class="list"><ul class="sdw-carousel-list" style="transform: translateX(0px); transition: transform 0.5s;"><li><a href="//www.coupang.com/vp/products/5972581605?vendorItemId=91150617369&amp;sourceType=srp_also_viewed_item&amp;rmdId=47c33741f00a49e78a75b2f5f5568a66&amp;eventLabel=recommendation_widget_pc_srp_001&amp;platform=web&amp;rmdABTestInfo=88611_A,14554_C,88610_B&amp;rmdValue=p7257246284:vt-1.0.0:p5972581605" title="한미양행 낙산균을 채우다 15g, 30정, 2개"><img loading="lazy" class="prodImage" alt="한미양행 낙산균을 채우다 15g, 30정, 2개" src="//thumbnail.coupangcdn.com/thumbnails/remote/292x292ex/image/retail/images/1145719288925688-69a1ce58-d623-4c0b-8428-95dee30f5d42.jpg"><div class="badge"></div><div class="productTitle">한미양행 낙산균을 채우다 15g, 30정, 2개</div><div class="priceWrapper"><span class="price"><strong>10,900원</strong></span><span class="unitPrice">(1정당 182원)</span></div><div class="fw-mt-[4px]"><img loading="lazy" class="fw-h-[16px] fw-w-[auto]" alt="" src="https://image.coupangcdn.com/image/rds/delivery_badge_ext/badge_1998a94b0d2.png"></div><div class="fw-mt-[4px]"><div class="ProductRating_productRating__jjf7W"><span class="ProductRating_rating__lMxS9"><div class="ProductRating_star__RGSlV" style="width: 90%;">4.5</div></span><span class="ProductRating_ratingCount__R0Vhz">(2877)</span></div></div></a></li><li><a href="//www.coupang.com/vp/products/8090772766?vendorItemId=85762306411&amp;sourceType=srp_also_viewed_item&amp;rmdId=47c33741f00a49e78a75b2f5f5568a66&amp;eventLabel=recommendation_widget_pc_srp_001&amp;platform=web&amp;rmdABTestInfo=88611_A,14554_C,88610_B&amp;rmdValue=p7257246284:vt-1.0.0:p8090772766" title="일동제약 비오비타 패밀리 낙산균 유산균 분말 스틱, 120g, 3개"><img loading="lazy" class="prodImage" alt="일동제약 비오비타 패밀리 낙산균 유산균 분말 스틱, 120g, 3개" src="//thumbnail.coupangcdn.com/thumbnails/remote/292x292ex/image/retail/images/23607258578572-4d3ad392-494b-45c1-bb14-b831f7e60256.jpg"><div class="badge"></div><div class="productTitle">일동제약 비오비타 패밀리 낙산균 유산균 분말 스틱, 120g, 3개</div><div class="priceWrapper"><span class="price"><strong>60,900원</strong></span><span class="unitPrice">(10g당 1,692원)</span></div><div class="fw-mt-[4px]"><img loading="lazy" class="fw-h-[16px] fw-w-[auto]" alt="" src="https://image.coupangcdn.com/image/rds/delivery_badge_ext/badge_1998a94b0d2.png"></div><div class="fw-mt-[4px]"><div class="ProductRating_productRating__jjf7W"><span class="ProductRating_rating__lMxS9"><div class="ProductRating_star__RGSlV" style="width: 90%;">4.5</div></span><span class="ProductRating_ratingCount__R0Vhz">(2803)</span></div></div></a></li><li><a href="//www.coupang.com/vp/products/8232473970?vendorItemId=85126568347&amp;sourceType=srp_also_viewed_item&amp;rmdId=47c33741f00a49e78a75b2f5f5568a66&amp;eventLabel=recommendation_widget_pc_srp_001&amp;platform=web&amp;rmdABTestInfo=88611_A,14554_C,88610_B&amp;rmdValue=p7257246284:vt-1.0.0:p8232473970" title="지큐랩 100억 생유산균 골드, 60정, 2개"><img loading="lazy" class="prodImage" alt="지큐랩 100억 생유산균 골드, 60정, 2개" src="//thumbnail.coupangcdn.com/thumbnails/remote/292x292ex/image/retail/images/935866049852284-68360ec6-a63d-4c0f-a040-d0a703f93c91.jpg"><div class="badge"></div><div class="productTitle">지큐랩 100억 생유산균 골드, 60정, 2개</div><div class="priceWrapper"><span class="price"><strong>44,680원</strong></span><span class="unitPrice">(1정당 372원)</span></div><div class="fw-mt-[4px]"><img loading="lazy" class="fw-h-[16px] fw-w-[auto]" alt="" src="https://image.coupangcdn.com/image/rds/delivery_badge_ext/badge_1998a94b0d2.png"></div><div class="fw-mt-[4px]"><div class="ProductRating_productRating__jjf7W"><span class="ProductRating_rating__lMxS9"><div class="ProductRating_star__RGSlV" style="width: 100%;">5</div></span><span class="ProductRating_ratingCount__R0Vhz">(13987)</span></div></div></a></li><li><a href="//www.coupang.com/vp/products/6310743172?vendorItemId=3000249546&amp;sourceType=srp_also_viewed_item&amp;rmdId=47c33741f00a49e78a75b2f5f5568a66&amp;eventLabel=recommendation_widget_pc_srp_001&amp;platform=web&amp;rmdABTestInfo=88611_A,14554_C,88610_B&amp;rmdValue=p7257246284:vt-1.0.0:p6310743172" title="뉴트리디데이 다이렉트 프로바이오틱스 골드 플러스 유산균, 30정, 4개"><img loading="lazy" class="prodImage" alt="뉴트리디데이 다이렉트 프로바이오틱스 골드 플러스 유산균, 30정, 4개" src="//thumbnail.coupangcdn.com/thumbnails/remote/292x292ex/image/retail/images/1513867929357-e37b14c6-fac9-4263-bfca-e9d4463b8d8b.jpg"><div class="badge"></div><div class="productTitle">뉴트리디데이 다이렉트 프로바이오틱스 골드 플러스 유산균, 30정, 4개</div><div class="priceWrapper"><span class="price"><strong>32,900원</strong></span><span class="unitPrice">(1정당 274원)</span></div><div class="fw-mt-[4px]"><img loading="lazy" class="fw-h-[16px] fw-w-[auto]" alt="" src="https://image.coupangcdn.com/image/rds/delivery_badge_ext/badge_1998a94b0d2.png"></div><div class="fw-mt-[4px]"><div class="ProductRating_productRating__jjf7W"><span class="ProductRating_rating__lMxS9"><div class="ProductRating_star__RGSlV" style="width: 90%;">4.5</div></span><span class="ProductRating_ratingCount__R0Vhz">(15133)</span></div></div></a></li><li><a href="//www.coupang.com/vp/products/8783996480?vendorItemId=92671812448&amp;sourceType=srp_also_viewed_item&amp;rmdId=47c33741f00a49e78a75b2f5f5568a66&amp;eventLabel=recommendation_widget_pc_srp_001&amp;platform=web&amp;rmdABTestInfo=88611_A,14554_C,88610_B&amp;rmdValue=p7257246284:vt-1.0.0:p8783996480" title="낙산균 40% 함유 셀라코어 락토부스터 맥스 500mg 낙산균 유산균 프로바이오틱스, 1박스, 30정"><img loading="lazy" class="prodImage" alt="낙산균 40% 함유 셀라코어 락토부스터 맥스 500mg 낙산균 유산균 프로바이오틱스, 1박스, 30정" src="//thumbnail.coupangcdn.com/thumbnails/remote/292x292ex/image/vendor_inventory/5f21/4c9b44b273682502d6959694bd81c9098837c96d27c9137c06ce8d719128.jpg"><div class="badge"></div><div class="productTitle">낙산균 40% 함유 셀라코어 락토부스터 맥스 500mg 낙산균 유산균 프로바이오틱스, 1박스, 30정</div><div class="priceWrapper"><span class="price"><strong>23,900원</strong></span><span class="unitPrice">(1정당 797원)</span></div><div class="fw-mt-[4px]"><img loading="lazy" class="fw-h-[16px] fw-w-[auto]" alt="" src="https://image.coupangcdn.com/image/rds/delivery_badge_ext/badge_199ec3699b6.png"></div><div class="fw-mt-[4px]"><div class="ProductRating_productRating__jjf7W"><span class="ProductRating_rating__lMxS9"><div class="ProductRating_star__RGSlV" style="width: 100%;">5</div></span><span class="ProductRating_ratingCount__R0Vhz">(1342)</span></div></div></a></li><li><a href="//www.coupang.com/vp/products/7764456649?vendorItemId=88276079819&amp;sourceType=srp_also_viewed_item&amp;rmdId=47c33741f00a49e78a75b2f5f5568a66&amp;eventLabel=recommendation_widget_pc_srp_001&amp;platform=web&amp;rmdABTestInfo=88611_A,14554_C,88610_B&amp;rmdValue=p7257246284:vt-1.0.0:p7764456649" title="비오비타 일동제약 키즈 골드 유산균 30p, 60g, 2개"><img loading="lazy" class="prodImage" alt="비오비타 일동제약 키즈 골드 유산균 30p, 60g, 2개" src="//thumbnail.coupangcdn.com/thumbnails/remote/292x292ex/image/retail/images/41521369811411-4cf0476c-ffee-4dcb-8bdb-9ca6619f1f93.jpg"><div class="badge"></div><div class="productTitle">비오비타 일동제약 키즈 골드 유산균 30p, 60g, 2개</div><div class="priceWrapper"><span class="price"><strong>46,000원</strong></span><span class="unitPrice">(10g당 3,833원)</span></div><div class=""><div class="Coupon_wotCoupon__LbDhj"><div class="Coupon_ticket__afRW9"><div class="Coupon_leftBorder__ty2Gg"><strong>4,000원</strong></div><div class="Coupon_rightBorder__ORnkF"></div></div><div class="Coupon_couponText__0now_">와우 가입 쿠폰</div></div></div><div class="fw-mt-[4px]"><img loading="lazy" class="fw-h-[16px] fw-w-[auto]" alt="" src="https://image.coupangcdn.com/image/rds/delivery_badge_ext/badge_1998a94b0d2.png"></div><div class="fw-mt-[4px]"><div class="ProductRating_productRating__jjf7W"><span class="ProductRating_rating__lMxS9"><div class="ProductRating_star__RGSlV" style="width: 100%;">5</div></span><span class="ProductRating_ratingCount__R0Vhz">(830)</span></div></div></a></li><li><a href="//www.coupang.com/vp/products/6279754572?vendorItemId=80153748585&amp;sourceType=srp_also_viewed_item&amp;rmdId=47c33741f00a49e78a75b2f5f5568a66&amp;eventLabel=recommendation_widget_pc_srp_001&amp;platform=web&amp;rmdABTestInfo=88611_A,14554_C,88610_B&amp;rmdValue=p7257246284:vt-1.0.0:p6279754572" title="비오비타 키즈 유산균, 120g, 1개"><img loading="lazy" class="prodImage" alt="비오비타 키즈 유산균, 120g, 1개" src="//thumbnail.coupangcdn.com/thumbnails/remote/292x292ex/image/vendor_inventory/image_audit/prod/840c9d67-4b6f-4eda-a7ba-5c2f2a29197d_fixing_v2.png"><div class="badge"></div><div class="productTitle">비오비타 키즈 유산균, 120g, 1개</div><div class="priceWrapper"><span class="price"><strong>26,700원</strong></span><span class="unitPrice">(10g당 2,225원)</span></div><div class="fw-mt-[4px]"><img loading="lazy" class="fw-h-[16px] fw-w-[auto]" alt="" src="https://image.coupangcdn.com/image/rds/delivery_badge_ext/badge_1998a94b0d2.png"></div><div class="fw-mt-[4px]"><div class="ProductRating_productRating__jjf7W"><span class="ProductRating_rating__lMxS9"><div class="ProductRating_star__RGSlV" style="width: 100%;">5</div></span><span class="ProductRating_ratingCount__R0Vhz">(3058)</span></div></div></a></li><li><a href="//www.coupang.com/vp/products/7201475105?vendorItemId=93359741980&amp;sourceType=srp_also_viewed_item&amp;rmdId=47c33741f00a49e78a75b2f5f5568a66&amp;eventLabel=recommendation_widget_pc_srp_001&amp;platform=web&amp;rmdABTestInfo=88611_A,14554_C,88610_B&amp;rmdValue=p7257246284:vt-1.0.0:p7201475105" title="서울약사신협 프로바이오틱스 생유산균 골드, 250g, 1개"><img loading="lazy" class="prodImage" alt="서울약사신협 프로바이오틱스 생유산균 골드, 250g, 1개" src="//thumbnail.coupangcdn.com/thumbnails/remote/292x292ex/image/vendor_inventory/4df0/39f3fbcbaf06aaddcb0734ce7872dd61ed8e89ec50b86da26c9725b82df9.jpg"><div class="badge"></div><div class="productTitle">서울약사신협 프로바이오틱스 생유산균 골드, 250g, 1개</div><div class="priceWrapper"><span class="price"><strong>15,750원</strong></span><span class="unitPrice">(10g당 630원)</span></div><div class="fw-mt-[4px]"><div class="ProductRating_productRating__jjf7W"><span class="ProductRating_rating__lMxS9"><div class="ProductRating_star__RGSlV" style="width: 100%;">5</div></span><span class="ProductRating_ratingCount__R0Vhz">(6225)</span></div></div></a></li><li><a href="//www.coupang.com/vp/products/7660924794?vendorItemId=87676155965&amp;sourceType=srp_also_viewed_item&amp;rmdId=47c33741f00a49e78a75b2f5f5568a66&amp;eventLabel=recommendation_widget_pc_srp_001&amp;platform=web&amp;rmdABTestInfo=88611_A,14554_C,88610_B&amp;rmdValue=p7257246284:vt-1.0.0:p7660924794" title="비오비타 배배 골드 유산균, 45g, 1개"><img loading="lazy" class="prodImage" alt="비오비타 배배 골드 유산균, 45g, 1개" src="//thumbnail.coupangcdn.com/thumbnails/remote/292x292ex/image/retail/images/2023/11/05/13/9/970746c1-0b16-4dd7-8f0b-ae60b9a2718a.png"><div class="badge"></div><div class="productTitle">비오비타 배배 골드 유산균, 45g, 1개</div><div class="priceWrapper"><span class="price"><strong>24,900원</strong></span><span class="unitPrice">(10g당 5,533원)</span></div><div class="fw-mt-[4px]"><img loading="lazy" class="fw-h-[16px] fw-w-[auto]" alt="" src="https://image.coupangcdn.com/image/rds/delivery_badge_ext/badge_1998a94b0d2.png"></div><div class="fw-mt-[4px]"><div class="ProductRating_productRating__jjf7W"><span class="ProductRating_rating__lMxS9"><div class="ProductRating_star__RGSlV" style="width: 100%;">5</div></span><span class="ProductRating_ratingCount__R0Vhz">(2529)</span></div></div></a></li><li><a href="//www.coupang.com/vp/products/7201469545?vendorItemId=83397339509&amp;sourceType=srp_also_viewed_item&amp;rmdId=47c33741f00a49e78a75b2f5f5568a66&amp;eventLabel=recommendation_widget_pc_srp_001&amp;platform=web&amp;rmdABTestInfo=88611_A,14554_C,88610_B&amp;rmdValue=p7257246284:vt-1.0.0:p7201469545" title="락토핏 생유산균 키즈, 120g, 1개"><img loading="lazy" class="prodImage" alt="락토핏 생유산균 키즈, 120g, 1개" src="//thumbnail.coupangcdn.com/thumbnails/remote/292x292ex/image/vendor_inventory/9922/e0bba215dce8a08833ca58e58fac4ee321255d7dc1950fc83110926737de.jpg"><div class="badge"></div><div class="productTitle">락토핏 생유산균 키즈, 120g, 1개</div><div class="priceWrapper"><span class="price"><strong>12,990원</strong></span><span class="unitPrice">(10g당 1,083원)</span></div><div class="fw-mt-[4px]"><img loading="lazy" class="fw-h-[16px] fw-w-[auto]" alt="" src="https://image.coupangcdn.com/image/rds/delivery_badge_ext/badge_1998a94b0d2.png"></div><div class="fw-mt-[4px]"><div class="ProductRating_productRating__jjf7W"><span class="ProductRating_rating__lMxS9"><div class="ProductRating_star__RGSlV" style="width: 100%;">5</div></span><span class="ProductRating_ratingCount__R0Vhz">(63405)</span></div></div></a></li><li><a href="//www.coupang.com/vp/products/7180571360?vendorItemId=90571506683&amp;sourceType=srp_also_viewed_item&amp;rmdId=47c33741f00a49e78a75b2f5f5568a66&amp;eventLabel=recommendation_widget_pc_srp_001&amp;platform=web&amp;rmdABTestInfo=88611_A,14554_C,88610_B&amp;rmdValue=p7257246284:vt-1.0.0:p7180571360" title="바이오코어 CJ 500억 건강한 생 유산균 27g, 60정, 5개"><img loading="lazy" class="prodImage" alt="바이오코어 CJ 500억 건강한 생 유산균 27g, 60정, 5개" src="//thumbnail.coupangcdn.com/thumbnails/remote/292x292ex/image/vendor_inventory/d6b5/0e8add6168ef3ab041303814206cee5f80588a5eb9caa44dba64fe696ab8.jpg"><div class="badge"></div><div class="productTitle">바이오코어 CJ 500억 건강한 생 유산균 27g, 60정, 5개</div><div class="priceWrapper"><span class="price"><strong>127,900원</strong></span><span class="unitPrice">(1정당 426원)</span></div><div class="fw-mt-[4px]"><div class="ProductRating_productRating__jjf7W"><span class="ProductRating_rating__lMxS9"><div class="ProductRating_star__RGSlV" style="width: 100%;">5</div></span><span class="ProductRating_ratingCount__R0Vhz">(4057)</span></div></div></a></li><li><a href="//www.coupang.com/vp/products/8402651056?vendorItemId=91685390304&amp;sourceType=srp_also_viewed_item&amp;rmdId=47c33741f00a49e78a75b2f5f5568a66&amp;eventLabel=recommendation_widget_pc_srp_001&amp;platform=web&amp;rmdABTestInfo=88611_A,14554_C,88610_B&amp;rmdValue=p7257246284:vt-1.0.0:p8402651056" title="미야리산U 420정 낙산균 UDCA, 1개"><img loading="lazy" class="prodImage" alt="미야리산U 420정 낙산균 UDCA, 1개" src="//thumbnail.coupangcdn.com/thumbnails/remote/292x292ex/image/vendor_inventory/image_audit/prod/f21b4fed-da5d-464c-b924-98714c6b5ee4_composition_base_0.png"><div class="badge"></div><div class="productTitle">미야리산U 420정 낙산균 UDCA, 1개</div><div class="priceWrapper"><span class="price"><strong>38,400원</strong></span><span class="unitPrice">(1정당 91원)</span></div><div class="fw-mt-[4px]"><div class="ProductRating_productRating__jjf7W"><span class="ProductRating_rating__lMxS9"><div class="ProductRating_star__RGSlV" style="width: 90%;">4.5</div></span><span class="ProductRating_ratingCount__R0Vhz">(2095)</span></div></div></a></li><li><a href="//www.coupang.com/vp/products/5498533952?vendorItemId=85093994017&amp;sourceType=srp_also_viewed_item&amp;rmdId=47c33741f00a49e78a75b2f5f5568a66&amp;eventLabel=recommendation_widget_pc_srp_001&amp;platform=web&amp;rmdABTestInfo=88611_A,14554_C,88610_B&amp;rmdValue=p7257246284:vt-1.0.0:p5498533952" title="락토핏 코어 유산균 60p, 120g, 3개"><img loading="lazy" class="prodImage" alt="락토핏 코어 유산균 60p, 120g, 3개" src="//thumbnail.coupangcdn.com/thumbnails/remote/292x292ex/image/retail/images/80970227276300-7e8fe67a-1a97-4ed1-93da-9e3c5bda345f.jpg"><div class="badge"></div><div class="productTitle">락토핏 코어 유산균 60p, 120g, 3개</div><div class="priceWrapper"><span class="price"><strong>32,200원</strong></span><span class="unitPrice">(10g당 894원)</span></div><div class="fw-mt-[4px]"><img loading="lazy" class="fw-h-[16px] fw-w-[auto]" alt="" src="https://image.coupangcdn.com/image/rds/delivery_badge_ext/badge_1998a94b0d2.png"></div><div class="fw-mt-[4px]"><div class="ProductRating_productRating__jjf7W"><span class="ProductRating_rating__lMxS9"><div class="ProductRating_star__RGSlV" style="width: 100%;">5</div></span><span class="ProductRating_ratingCount__R0Vhz">(70106)</span></div></div></a></li><li><a href="//www.coupang.com/vp/products/8676952484?vendorItemId=92186843773&amp;sourceType=srp_also_viewed_item&amp;rmdId=47c33741f00a49e78a75b2f5f5568a66&amp;eventLabel=recommendation_widget_pc_srp_001&amp;platform=web&amp;rmdABTestInfo=88611_A,14554_C,88610_B&amp;rmdValue=p7257246284:vt-1.0.0:p8676952484" title="CJ 바이오코어 300억 키즈 유산균, 120g, 3박스"><img loading="lazy" class="prodImage" alt="CJ 바이오코어 300억 키즈 유산균, 120g, 3박스" src="//thumbnail.coupangcdn.com/thumbnails/remote/292x292ex/image/vendor_inventory/image_audit/stage/manual/725e659f3905d30ea102f2bb45686a03ed41bf609fcdca9c9c32f7c3c69b_1758870608986.jpg"><div class="badge"></div><div class="productTitle">CJ 바이오코어 300억 키즈 유산균, 120g, 3박스</div><div class="priceWrapper"><span class="price"><strong>62,920원</strong></span><span class="unitPrice">(10g당 1,748원)</span></div><div class="fw-mt-[4px]"><div class="ProductRating_productRating__jjf7W"><span class="ProductRating_rating__lMxS9"><div class="ProductRating_star__RGSlV" style="width: 100%;">5</div></span><span class="ProductRating_ratingCount__R0Vhz">(152)</span></div></div></a></li></ul></div><button class="nextBtn active" title="다음 상품 보기">다음 상품 보기</button></div></div></div></div><div class="todays-sale"><div class="carousel-widget-container gw_promotion"><div class="promotion-decker-carousel"><div class="promotion-carousel-header"><div class="promotion-title"> 오늘의 <span class="fw-text-[#cb1400]">판매자 특가</span></div><div class="promotion-carousel-page-counter"><em>1</em><span>/4</span></div></div><div class="promotion-carousel-body"><div class="promotion-carousel-scroller-wrap"><div class="carousel-scroller" style="transform: translateX(0%);"><ul class="carousel-list promotion-carousel-list"><li class="promotion-carousel-item" data-id="91540021546"><a href="/vp/products/7431776789?itemId=22580297705&amp;vendorItemId=91540021546&amp;sourceType=SRP_PROMOTION" data-vendor-item-id="91540021546" data-vendor-id="A00706209" data-product-id="7431776789" data-item-id="22580297705" class="impression-logged"><figure class="promotion-item-image"><img alt="락토온 프로바이오틱스 생유산균 120포, 300g, 1개" loading="lazy" width="160" height="160" decoding="async" data-nimg="1" src="https://static.coupangcdn.com/image/vendor_inventory/image_audit/prod/702e872b-5746-40c0-b6c3-2da2e29a9b43_fixing_v2.png" style="color: transparent;"></figure><div class="promotion-badge">특가진행중</div><div class="promotion-item-info-wrap"><div class="item-title">락토온 프로바이오틱스 생유산균 120포, 300g, 1개</div><div class="discount-contain"><span class="discount-text">와우할인가</span><span class="discount-rate">30%</span><span class="origin-price">20,000원</span></div><div class="promotion-item-price-contain fw-flex fw-items-center fw-flex-wrap"><span class="sales-price fw-mr-[3px]">13,950원</span></div><div class="unit-price">(10g당 465원)</div><div class="pdd-text">모레(토) 도착 예정</div><div class="delivery-text">무료배송</div><div class="promotion-item-review"><span class="split-bg item-review-score-bg"><span class="item-review-score split-bg" style="width: 100%;">100%</span></span><span class="promotion-item-review-count">(2,408)</span></div><div class="stock_percent_contain"><div class="progress_contain"><div class="progress_position" style="width: 53%;"></div></div><div class="progress_text">53% 남음</div></div></div></a></li><li class="promotion-carousel-item" data-id="93359741980"><a href="/vp/products/7201475105?itemId=17971874223&amp;vendorItemId=93359741980&amp;sourceType=SRP_PROMOTION" data-vendor-item-id="93359741980" data-vendor-id="A00706209" data-product-id="7201475105" data-item-id="17971874223" class="impression-logged"><figure class="promotion-item-image"><img alt="서울약사신협 프로바이오틱스 생유산균 골드, 250g, 1개" loading="lazy" width="160" height="160" decoding="async" data-nimg="1" src="https://static.coupangcdn.com/image/vendor_inventory/4df0/39f3fbcbaf06aaddcb0734ce7872dd61ed8e89ec50b86da26c9725b82df9.jpg" style="color: transparent;"></figure><div class="promotion-badge">특가진행중</div><div class="promotion-item-info-wrap"><div class="item-title">서울약사신협 프로바이오틱스 생유산균 골드, 250g, 1개</div><div class="discount-contain"><span class="discount-text">와우할인가</span><span class="discount-rate">28%</span><span class="origin-price">21,900원</span></div><div class="promotion-item-price-contain fw-flex fw-items-center fw-flex-wrap"><span class="sales-price fw-mr-[3px]">15,750원</span></div><div class="unit-price">(10g당 624원)</div><div class="pdd-text">모레(토) 도착 예정</div><div class="delivery-text">무료배송</div><div class="promotion-item-review"><span class="split-bg item-review-score-bg"><span class="item-review-score split-bg" style="width: 100%;">100%</span></span><span class="promotion-item-review-count">(6,225)</span></div><div class="stock_percent_contain"><div class="progress_contain"><div class="progress_position" style="width: 76%;"></div></div><div class="progress_text">76% 남음</div></div></div></a></li><li class="promotion-carousel-item" data-id="87851909885"><a href="/vp/products/60790169?itemId=23763756240&amp;vendorItemId=87851909885&amp;sourceType=SRP_PROMOTION" data-vendor-item-id="87851909885" data-vendor-id="A00055987" data-product-id="60790169" data-item-id="23763756240" class="impression-logged"><figure class="promotion-item-image"><img alt="헬스프랜드 캐나다 프로바이오틱스 생유산균 500억투입 100억보장 2개월분 유산균, 60정, 30g, 2박스" loading="lazy" width="160" height="160" decoding="async" data-nimg="1" src="https://static.coupangcdn.com/image/vendor_inventory/image_audit/prod/e1812294-ec1a-4c25-aed4-bd3799641cb8_composition_base_0.png" style="color: transparent;"></figure><div class="promotion-badge">특가진행중</div><div class="promotion-item-info-wrap"><div class="item-title">헬스프랜드 캐나다 프로바이오틱스 생유산균 500억투입 100억보장 2개월분 유산균, 60정, 30g, 2박스</div><div class="discount-contain"><span class="discount-text">와우할인가</span><span class="discount-rate">16%</span><span class="origin-price">32,420원</span></div><div class="promotion-item-price-contain fw-flex fw-items-center fw-flex-wrap"><span class="sales-price fw-mr-[3px]">27,180원</span></div><div class="unit-price">(1정당 227원)</div><div class="pdd-text">모레(토) 도착 예정</div><div class="delivery-text">무료배송</div><div class="promotion-item-review"><span class="split-bg item-review-score-bg"><span class="item-review-score split-bg" style="width: 90%;">90%</span></span><span class="promotion-item-review-count">(1,902)</span></div><div class="stock_percent_contain"><div class="progress_contain"><div class="progress_position" style="width: 87%;"></div></div><div class="progress_text">87% 남음</div></div></div></a></li><li class="promotion-carousel-item" data-id="87949502190"><a href="/vp/products/6880694549?itemId=20200276046&amp;vendorItemId=87949502190&amp;sourceType=SRP_PROMOTION" data-vendor-item-id="87949502190" data-vendor-id="A01052253" data-product-id="6880694549" data-item-id="20200276046" class="impression-logged"><figure class="promotion-item-image"><img alt="세노비스 수퍼바이오틱스 유산균, 30정, 2개" loading="lazy" width="160" height="160" decoding="async" data-nimg="1" src="https://static.coupangcdn.com/image/vendor_inventory/a89f/77400bea08926b9e650b93f463788a5b6ceb0dffd9d18e24219e8107a140.JPG" style="color: transparent;"></figure><div class="promotion-badge">특가진행중</div><div class="promotion-item-info-wrap"><div class="item-title">세노비스 수퍼바이오틱스 유산균, 30정, 2개</div><div class="discount-contain"><span class="discount-text">와우할인가</span><span class="discount-rate">5%</span><span class="origin-price">39,800원</span></div><div class="promotion-item-price-contain fw-flex fw-items-center fw-flex-wrap"><span class="sales-price fw-mr-[3px]">37,810원</span></div><div class="unit-price">(1정당 630원)</div><div class="pdd-text">모레(토) 도착 예정</div><div class="delivery-text">무료배송</div><div class="promotion-item-review"><span class="split-bg item-review-score-bg"><span class="item-review-score split-bg" style="width: 100%;">100%</span></span><span class="promotion-item-review-count">(4,710)</span></div><div class="stock_percent_contain"><div class="progress_contain"><div class="progress_position" style="width: 99%;"></div></div><div class="progress_text">99% 남음</div></div></div></a></li><li class="promotion-carousel-item" data-id="93598101410"><a href="/vp/products/9066534902?itemId=26625214955&amp;vendorItemId=93598101410&amp;sourceType=SRP_PROMOTION" data-vendor-item-id="93598101410" data-vendor-id="A00268025" data-product-id="9066534902" data-item-id="26625214955" class="impression-logged"><figure class="promotion-item-image"><img alt="[유산균 장건강] 대웅제약 프로바이오틱스 유산균, 3개, 30회분" loading="lazy" width="160" height="160" decoding="async" data-nimg="1" src="https://static.coupangcdn.com/image/vendor_inventory/6425/8748ec92aae0bc5556c067a25c3df0f936ac2bfa59939d2732be018724ca.jpg" style="color: transparent;"></figure><div class="promotion-badge">특가진행중</div><div class="promotion-item-info-wrap"><div class="item-title">[유산균 장건강] 대웅제약 프로바이오틱스 유산균, 3개, 30회분</div><div class="discount-contain"><span class="discount-text">와우할인가</span><span class="discount-rate">39%</span><span class="origin-price">29,750원</span></div><div class="promotion-item-price-contain fw-flex fw-items-center fw-flex-wrap"><span class="sales-price fw-mr-[3px]">17,910원</span></div><div class="unit-price">(1정당 199원)</div><div class="pdd-text">모레(토) 도착 예정</div><div class="delivery-text">무료배송</div><div class="promotion-item-review"><span class="split-bg item-review-score-bg"><span class="item-review-score split-bg" style="width: 100%;">100%</span></span><span class="promotion-item-review-count">(24)</span></div><div class="stock_percent_contain"><div class="progress_contain"><div class="progress_position" style="width: 98%;"></div></div><div class="progress_text">98% 남음</div></div></div></a></li><li class="promotion-carousel-item" data-id="83900562996"><a href="/vp/products/8289079071?itemId=22425921748&amp;vendorItemId=83900562996&amp;sourceType=SRP_PROMOTION" data-vendor-item-id="83900562996" data-vendor-id="A00151987" data-product-id="8289079071" data-item-id="22425921748" class="impression-logged"><figure class="promotion-item-image"><img alt="헬씨허그 모유유산균 포스트바이오틱스, 60g, 5개" loading="lazy" width="160" height="160" decoding="async" data-nimg="1" src="https://static.coupangcdn.com/image/vendor_inventory/ad38/448d195771eb9e9a2e0b5933fc7cfe7919350a9b9c0ceab4de4359fed435.jpg" style="color: transparent;"></figure><div class="promotion-badge">특가진행중</div><div class="promotion-item-info-wrap"><div class="item-title">헬씨허그 모유유산균 포스트바이오틱스, 60g, 5개</div><div class="discount-contain"><span class="discount-text">와우할인가</span><span class="discount-rate">16%</span><span class="origin-price">31,970원</span></div><div class="promotion-item-price-contain fw-flex fw-items-center fw-flex-wrap"><span class="sales-price fw-mr-[3px]">26,650원</span></div><div class="unit-price">(10g당 879원)</div><div class="pdd-text">11/25(화) 도착 예정</div><div class="delivery-text">무료배송</div><div class="promotion-item-review"><span class="split-bg item-review-score-bg"><span class="item-review-score split-bg" style="width: 90%;">90%</span></span><span class="promotion-item-review-count">(214)</span></div><div class="stock_percent_contain"><div class="progress_contain"><div class="progress_position" style="width: 91%;"></div></div><div class="progress_text">91% 남음</div></div></div></a></li><li class="promotion-carousel-item" data-id="89766506327"><a href="/vp/products/8072953934?itemId=23106601117&amp;vendorItemId=89766506327&amp;sourceType=SRP_PROMOTION" data-vendor-item-id="89766506327" data-vendor-id="A00040770" data-product-id="8072953934" data-item-id="23106601117" class="impression-logged"><figure class="promotion-item-image"><img alt="내츄럴플러스 상쾌한 구강유산균, 45g, 3박스" loading="lazy" width="160" height="160" decoding="async" data-nimg="1" src="https://static.coupangcdn.com/image/vendor_inventory/422c/513a410f4c107acc5350723b813225f25fe88b9ff36faccd987b4b78d448.jpg" style="color: transparent;"></figure><div class="promotion-badge">특가진행중</div><div class="promotion-item-info-wrap"><div class="item-title">내츄럴플러스 상쾌한 구강유산균, 45g, 3박스</div><div class="discount-contain"><span class="discount-text">와우할인가</span><span class="discount-rate">23%</span><span class="origin-price">37,000원</span></div><div class="promotion-item-price-contain fw-flex fw-items-center fw-flex-wrap"><span class="sales-price fw-mr-[3px]">28,350원</span></div><div class="unit-price">(10g당 2,100원)</div><div class="pdd-text">모레(토) 도착 예정</div><div class="delivery-text">무료배송</div><div class="promotion-item-review"><span class="split-bg item-review-score-bg"><span class="item-review-score split-bg" style="width: 90%;">90%</span></span><span class="promotion-item-review-count">(589)</span></div><div class="stock_percent_contain"><div class="progress_contain"><div class="progress_position" style="width: 99%;"></div></div><div class="progress_text">99% 남음</div></div></div></a></li><li class="promotion-carousel-item" data-id="93552791342"><a href="/vp/products/8966498059?itemId=26240967709&amp;vendorItemId=93552791342&amp;sourceType=SRP_PROMOTION" data-vendor-item-id="93552791342" data-vendor-id="A00560994" data-product-id="8966498059" data-item-id="26240967709" class="impression-logged"><figure class="promotion-item-image"><img alt="옵티헬스 덴마크 구강 유산균, 2개, 30정" loading="lazy" width="160" height="160" decoding="async" data-nimg="1" src="https://static.coupangcdn.com/image/vendor_inventory/images/8182b656-7913-4ae4-b5ff-ecd5e2834f711755351212785686800.png" style="color: transparent;"></figure><div class="promotion-badge">특가진행중</div><div class="promotion-item-info-wrap"><div class="item-title">옵티헬스 덴마크 구강 유산균, 2개, 30정</div><div class="discount-contain"><span class="discount-text">와우할인가</span><span class="discount-rate">7%</span><span class="origin-price">17,870원</span></div><div class="promotion-item-price-contain fw-flex fw-items-center fw-flex-wrap"><span class="sales-price fw-mr-[3px]">16,610원</span><span class="promo-badge"><div class="ImageBadge_default__JWaYp"><img alt="판매자로켓" loading="lazy" src="https://image.coupangcdn.com/image/rds/delivery_badge_ext/badge_199559e57b9.png"></div></span></div><div class="unit-price">(1정당 260원)</div><div class="pdd-text rg">내일(금) 도착 보장</div><div class="delivery-text">무료배송∙오늘배송</div><div class="promotion-item-review"><span class="split-bg item-review-score-bg"><span class="item-review-score split-bg" style="width: 90%;">90%</span></span><span class="promotion-item-review-count">(172)</span></div><div class="stock_percent_contain"><div class="progress_contain"><div class="progress_position" style="width: 95%;"></div></div><div class="progress_text">95% 남음</div></div></div></a></li><li class="promotion-carousel-item" data-id="88037216228"><a href="/vp/products/7769605006?itemId=24117947190&amp;vendorItemId=88037216228&amp;sourceType=SRP_PROMOTION" data-vendor-item-id="88037216228" data-vendor-id="A00626785" data-product-id="7769605006" data-item-id="24117947190" class="impression-logged"><figure class="promotion-item-image"><img alt="[약국입점 유산균] 오늘시작 퀄리고트 산양유 초유 유산균 네덜란드 산양유단백질 프리프로바이오틱스 신바이오틱스 자온비 유산균, 2박스, 30회분" loading="lazy" width="160" height="160" decoding="async" data-nimg="1" src="https://static.coupangcdn.com/image/vendor_inventory/image_audit/prod/c59f87d7-b9ba-4ecf-ad63-3fa70b12bddb_fixing_v2.png" style="color: transparent;"></figure><div class="promotion-badge">특가진행중</div><div class="promotion-item-info-wrap"><div class="item-title">[약국입점 유산균] 오늘시작 퀄리고트 산양유 초유 유산균 네덜란드 산양유단백질 프리프로바이오틱스 신바이오틱스 자온비 유산균, 2박스, 30회분</div><div class="discount-contain"><span class="discount-text">와우할인가</span><span class="discount-rate">68%</span><span class="origin-price">59,600원</span></div><div class="promotion-item-price-contain fw-flex fw-items-center fw-flex-wrap"><span class="sales-price fw-mr-[3px]">18,860원</span></div><div class="unit-price">(1정당 311원)</div><div class="pdd-text">모레(토) 도착 예정</div><div class="delivery-text">무료배송</div><div class="promotion-item-review"><span class="split-bg item-review-score-bg"><span class="item-review-score split-bg" style="width: 100%;">100%</span></span><span class="promotion-item-review-count">(121)</span></div><div class="stock_percent_contain"><div class="progress_contain"><div class="progress_position" style="width: 99%;"></div></div><div class="progress_text">99% 남음</div></div></div></a></li><li class="promotion-carousel-item" data-id="76808902101"><a href="/vp/products/6804867879?itemId=18627089140&amp;vendorItemId=76808902101&amp;sourceType=SRP_PROMOTION" data-vendor-item-id="76808902101" data-vendor-id="A00195939" data-product-id="6804867879" data-item-id="18627089140" class="impression-logged"><figure class="promotion-item-image"><img alt="바디닥터스 프로바이오틱스 클래식, 60정, 6개" loading="lazy" width="160" height="160" decoding="async" data-nimg="1" src="https://static.coupangcdn.com/image/vendor_inventory/40e1/266956366f291e17062d877e051adab9c3bd0502bc3ab8aaf9270886d96a.jpg" style="color: transparent;"></figure><div class="promotion-badge">특가진행중</div><div class="promotion-item-info-wrap"><div class="item-title">바디닥터스 프로바이오틱스 클래식, 60정, 6개</div><div class="discount-contain"><span class="discount-text">와우할인가</span><span class="discount-rate">34%</span><span class="origin-price">77,820원</span></div><div class="promotion-item-price-contain fw-flex fw-items-center fw-flex-wrap"><span class="sales-price fw-mr-[3px]">51,300원</span></div><div class="unit-price">(1정당 141원)</div><div class="pdd-text">모레(토) 도착 예정</div><div class="delivery-text">무료배송</div><div class="promotion-item-review"><span class="split-bg item-review-score-bg"><span class="item-review-score split-bg" style="width: 90%;">90%</span></span><span class="promotion-item-review-count">(4,923)</span></div><div class="stock_percent_contain"><div class="progress_contain"><div class="progress_position" style="width: 99%;"></div></div><div class="progress_text">99% 남음</div></div></div></a></li><li class="promotion-carousel-item" data-id="92732221300"><a href="/vp/products/8625714503?itemId=25027267137&amp;vendorItemId=92732221300&amp;sourceType=SRP_PROMOTION" data-vendor-item-id="92732221300" data-vendor-id="A01290595" data-product-id="8625714503" data-item-id="25027267137" class="impression-logged"><figure class="promotion-item-image"><img alt="국내특허 구강유산균cmu 덴티오클린 잇몸유산균, 2개, 60정" loading="lazy" width="160" height="160" decoding="async" data-nimg="1" src="https://static.coupangcdn.com/image/vendor_inventory/1bff/bee82243c28571899b10293d2b1e5f93c28a72215517129b4ef31d10eb26.png" style="color: transparent;"></figure><div class="promotion-badge">특가진행중</div><div class="promotion-item-info-wrap"><div class="item-title">국내특허 구강유산균cmu 덴티오클린 잇몸유산균, 2개, 60정</div><div class="discount-contain"><span class="discount-text">와우할인가</span><span class="discount-rate">43%</span><span class="origin-price">56,900원</span></div><div class="promotion-item-price-contain fw-flex fw-items-center fw-flex-wrap"><span class="sales-price fw-mr-[3px]">31,900원</span><span class="promo-badge"><div class="ImageBadge_default__JWaYp"><img alt="판매자로켓" loading="lazy" src="https://image.coupangcdn.com/image/rds/delivery_badge_ext/badge_199559e57b9.png"></div></span></div><div class="unit-price">(1정당 266원)</div><div class="pdd-text rg">내일(금) 도착 보장</div><div class="delivery-text">무료배송∙오늘배송</div><div class="promotion-item-review"><span class="split-bg item-review-score-bg"><span class="item-review-score split-bg" style="width: 90%;">90%</span></span><span class="promotion-item-review-count">(320)</span></div><div class="stock_percent_contain"><div class="progress_contain"><div class="progress_position" style="width: 89%;"></div></div><div class="progress_text">89% 남음</div></div></div></a></li><li class="promotion-carousel-item" data-id="80108413903"><a href="/vp/products/6248897036?itemId=13209227595&amp;vendorItemId=80108413903&amp;sourceType=SRP_PROMOTION" data-vendor-item-id="80108413903" data-vendor-id="A00488045" data-product-id="6248897036" data-item-id="13209227595" class="impression-logged"><figure class="promotion-item-image"><img alt="락티브 프로바이오틱스 패밀리 유산균, 30정, 2개" loading="lazy" width="160" height="160" decoding="async" data-nimg="1" src="https://static.coupangcdn.com/image/vendor_inventory/f3a3/89b99f6b6b6c6df485dafe72572335f731f3c7ca20a314384c260164178b.jpg" style="color: transparent;"></figure><div class="promotion-badge">특가진행중</div><div class="promotion-item-info-wrap"><div class="item-title">락티브 프로바이오틱스 패밀리 유산균, 30정, 2개</div><div class="discount-contain"><span class="discount-text">와우할인가</span><span class="discount-rate">3%</span><span class="origin-price">78,000원</span></div><div class="promotion-item-price-contain fw-flex fw-items-center fw-flex-wrap"><span class="sales-price fw-mr-[3px]">75,660원</span></div><div class="unit-price">(1정당 1,261원)</div><div class="pdd-text">11/25(화) 도착 예정</div><div class="delivery-text">무료배송</div><div class="promotion-item-review"><span class="split-bg item-review-score-bg"><span class="item-review-score split-bg" style="width: 100%;">100%</span></span><span class="promotion-item-review-count">(198)</span></div><div class="stock_percent_contain"><div class="progress_contain"><div class="progress_position" style="width: 99%;"></div></div><div class="progress_text">99% 남음</div></div></div></a></li><li class="promotion-carousel-item" data-id="86387885830"><a href="/vp/products/8203807182?itemId=17838540939&amp;vendorItemId=86387885830&amp;sourceType=SRP_PROMOTION" data-vendor-item-id="86387885830" data-vendor-id="A00213850" data-product-id="8203807182" data-item-id="17838540939" class="impression-logged"><figure class="promotion-item-image"><img alt="퍼펙토 프롤린 모유유산균, 5개, 120g" loading="lazy" width="160" height="160" decoding="async" data-nimg="1" src="https://static.coupangcdn.com/image/vendor_inventory/44e6/c537786ddbcbba198d8929b9366c1fd9d7af8591b2697dad5ecb3dad507b.jpg" style="color: transparent;"></figure><div class="promotion-badge">특가진행중</div><div class="promotion-item-info-wrap"><div class="item-title">퍼펙토 프롤린 모유유산균, 5개, 120g</div><div class="discount-contain"><span class="discount-text">와우할인가</span><span class="discount-rate">44%</span><span class="origin-price">106,900원</span></div><div class="promotion-item-price-contain fw-flex fw-items-center fw-flex-wrap"><span class="sales-price fw-mr-[3px]">59,530원</span></div><div class="unit-price">(10g당 992원)</div><div class="pdd-text">모레(토) 도착 예정</div><div class="delivery-text">무료배송</div><div class="promotion-item-review"><span class="split-bg item-review-score-bg"><span class="item-review-score split-bg" style="width: 90%;">90%</span></span><span class="promotion-item-review-count">(3,492)</span></div><div class="stock_percent_contain"><div class="progress_contain"><div class="progress_position" style="width: 99%;"></div></div><div class="progress_text">99% 남음</div></div></div></a></li><li class="promotion-carousel-item" data-id="90584596741"><a href="/vp/products/7180754311?itemId=20563819490&amp;vendorItemId=90584596741&amp;sourceType=SRP_PROMOTION" data-vendor-item-id="90584596741" data-vendor-id="A00438026" data-product-id="7180754311" data-item-id="20563819490" class="impression-logged"><figure class="promotion-item-image"><img alt="모유 유산균 17종 유산균 모유 유래 분말 식약처 인증 HACCP 락토바실러스가세리 뉴트라업 [선택옵션], 모유유산균 3+1 (4개월분), 60g, 4개" loading="lazy" width="160" height="160" decoding="async" data-nimg="1" src="https://static.coupangcdn.com/image/vendor_inventory/9aed/74102fc5a3efef9a51315671f3649c903391ce266574527726549e310a6b.png" style="color: transparent;"></figure><div class="promotion-badge">특가진행중</div><div class="promotion-item-info-wrap"><div class="item-title">모유 유산균 17종 유산균 모유 유래 분말 식약처 인증 HACCP 락토바실러스가세리 뉴트라업 [선택옵션], 모유유산균 3+1 (4개월분), 60g, 4개</div><div class="discount-contain"><span class="discount-text">와우할인가</span><span class="discount-rate">48%</span><span class="origin-price">84,000원</span></div><div class="promotion-item-price-contain fw-flex fw-items-center fw-flex-wrap"><span class="sales-price fw-mr-[3px]">43,660원</span></div><div class="unit-price">(10g당 1,801원)</div><div class="pdd-text">모레(토) 도착 예정</div><div class="delivery-text">무료배송</div><div class="promotion-item-review"><span class="split-bg item-review-score-bg"><span class="item-review-score split-bg" style="width: 90%;">90%</span></span><span class="promotion-item-review-count">(3,744)</span></div><div class="stock_percent_contain"><div class="progress_contain"><div class="progress_position" style="width: 99%;"></div></div><div class="progress_text">99% 남음</div></div></div></a></li><li class="promotion-carousel-item" data-id="81209092724"><a href="/vp/products/6444112109?itemId=13960053618&amp;vendorItemId=81209092724&amp;sourceType=SRP_PROMOTION" data-vendor-item-id="81209092724" data-vendor-id="A00504167" data-product-id="6444112109" data-item-id="13960053618" class="impression-logged"><figure class="promotion-item-image"><img alt="차바이오 닥터프로그램 마더스 유산균 6병 12개월분 냉장배송 유산균, 60정, 6개" loading="lazy" width="160" height="160" decoding="async" data-nimg="1" src="https://static.coupangcdn.com/image/vendor_inventory/image_audit/prod/9b43afb4-56b8-4333-81de-522e7be21a85_fixing_v2.png" style="color: transparent;"></figure><div class="promotion-badge">특가진행중</div><div class="promotion-item-info-wrap"><div class="item-title">차바이오 닥터프로그램 마더스 유산균 6병 12개월분 냉장배송 유산균, 60정, 6개</div><div class="discount-contain"><span class="discount-text">와우할인가</span><span class="discount-rate">39%</span><span class="origin-price">82,580원</span></div><div class="promotion-item-price-contain fw-flex fw-items-center fw-flex-wrap"><span class="sales-price fw-mr-[3px]">50,320원</span></div><div class="unit-price">(1정당 140원)</div><div class="pdd-text">모레(토) 도착 예정</div><div class="delivery-text">무료배송</div><div class="promotion-item-review"><span class="split-bg item-review-score-bg"><span class="item-review-score split-bg" style="width: 90%;">90%</span></span><span class="promotion-item-review-count">(2,050)</span></div><div class="stock_percent_contain"><div class="progress_contain"><div class="progress_position" style="width: 92%;"></div></div><div class="progress_text">92% 남음</div></div></div></a></li><li class="promotion-carousel-item" data-id="87658538089"><a href="/vp/products/9195872029?itemId=27144139432&amp;vendorItemId=87658538089&amp;sourceType=SRP_PROMOTION" data-vendor-item-id="87658538089" data-vendor-id="A00657173" data-product-id="9195872029" data-item-id="27144139432" class="impression-logged"><figure class="promotion-item-image"><img alt="모유 유래 유산균 비피더스 4종 500억 포스트 바이오틱스 L 프롤린 아연 셀레늄 프리미엄 패밀리 헬스 프로 프리 신 바이오틱스 모유 대장 유산균 식약청 인증제품 장건강, 3개, 30회분" loading="lazy" width="160" height="160" decoding="async" data-nimg="1" src="https://static.coupangcdn.com/image/vendor_inventory/images/8ec8c3a9-f678-49d8-8666-f86b3b95ce884800616247564660378.png" style="color: transparent;"></figure><div class="promotion-badge">특가진행중</div><div class="promotion-item-info-wrap"><div class="item-title">모유 유래 유산균 비피더스 4종 500억 포스트 바이오틱스 L 프롤린 아연 셀레늄 프리미엄 패밀리 헬스 프로 프리 신 바이오틱스 모유 대장 유산균 식약청 인증제품 장건강, 3개, 30회분</div><div class="discount-contain"><span class="discount-text">와우할인가</span><span class="discount-rate">45%</span><span class="origin-price">99,000원</span></div><div class="promotion-item-price-contain fw-flex fw-items-center fw-flex-wrap"><span class="sales-price fw-mr-[3px]">54,110원</span></div><div class="unit-price">(1정당 577원)</div><div class="pdd-text">모레(토) 도착 예정</div><div class="delivery-text">무료배송</div><div class="promotion-item-review"><span class="split-bg item-review-score-bg"><span class="item-review-score split-bg" style="width: 90%;">90%</span></span><span class="promotion-item-review-count">(183)</span></div><div class="stock_percent_contain"><div class="progress_contain"><div class="progress_position" style="width: 99%;"></div></div><div class="progress_text">99% 남음</div></div></div></a></li><li class="promotion-carousel-item" data-id="91342740661"><a href="/vp/products/8413108401?itemId=25467474778&amp;vendorItemId=91342740661&amp;sourceType=SRP_PROMOTION" data-vendor-item-id="91342740661" data-vendor-id="A00024932" data-product-id="8413108401" data-item-id="25467474778" class="impression-logged"><figure class="promotion-item-image"><img alt="biild 빌드 비피더스 면역앤 유산균, 2박스, 30회분" loading="lazy" width="160" height="160" decoding="async" data-nimg="1" src="https://static.coupangcdn.com/image/vendor_inventory/3efb/43c3e6150dcd8c456637fd54349d2f369612dbc4aa97213bfb74bfc4df98.jpg" style="color: transparent;"></figure><div class="promotion-badge">특가진행중</div><div class="promotion-item-info-wrap"><div class="item-title">biild 빌드 비피더스 면역앤 유산균, 2박스, 30회분</div><div class="discount-contain"><span class="discount-text">와우할인가</span><span class="discount-rate">68%</span><span class="origin-price">78,000원</span></div><div class="promotion-item-price-contain fw-flex fw-items-center fw-flex-wrap"><span class="sales-price fw-mr-[3px]">24,600원</span></div><div class="unit-price">(1정당 406원)</div><div class="pdd-text">11/25(화) 도착 예정</div><div class="delivery-text">무료배송</div><div class="promotion-item-review"><span class="split-bg item-review-score-bg"><span class="item-review-score split-bg" style="width: 100%;">100%</span></span><span class="promotion-item-review-count">(97)</span></div><div class="stock_percent_contain"><div class="progress_contain"><div class="progress_position" style="width: 98%;"></div></div><div class="progress_text">98% 남음</div></div></div></a></li><li class="promotion-carousel-item" data-id="89013750586"><a href="/vp/products/7154187085?itemId=24475273424&amp;vendorItemId=89013750586&amp;sourceType=SRP_PROMOTION" data-vendor-item-id="89013750586" data-vendor-id="A00611960" data-product-id="7154187085" data-item-id="24475273424" class="impression-logged"><figure class="promotion-item-image"><img alt="CJ 바이오코어 피부면역 유산균 30p, 200g, 1개" loading="lazy" width="160" height="160" decoding="async" data-nimg="1" src="https://static.coupangcdn.com/image/vendor_inventory/9cc9/dc514db31447e26284bd4ed448d5c6c7b49a97701d2e1494b2bd50056007.jpg" style="color: transparent;"></figure><div class="promotion-badge">특가진행중</div><div class="promotion-item-info-wrap"><div class="item-title">CJ 바이오코어 피부면역 유산균 30p, 200g, 1개</div><div class="discount-contain"><span class="discount-text">와우할인가</span><span class="discount-rate">41%</span><span class="origin-price">52,900원</span></div><div class="promotion-item-price-contain fw-flex fw-items-center fw-flex-wrap"><span class="sales-price fw-mr-[3px]">31,090원</span></div><div class="unit-price">(10g당 1,539원)</div><div class="pdd-text">모레(토) 도착 예정</div><div class="delivery-text">무료배송</div><div class="promotion-item-review"><span class="split-bg item-review-score-bg"><span class="item-review-score split-bg" style="width: 100%;">100%</span></span><span class="promotion-item-review-count">(2,001)</span></div><div class="stock_percent_contain"><div class="progress_contain"><div class="progress_position" style="width: 99%;"></div></div><div class="progress_text">99% 남음</div></div></div></a></li><li class="promotion-carousel-item" data-id="93810128695"><a href="/vp/products/9123877224?itemId=26840193804&amp;vendorItemId=93810128695&amp;sourceType=SRP_PROMOTION" data-vendor-item-id="93810128695" data-vendor-id="A00611960" data-product-id="9123877224" data-item-id="26840193804" class="impression-logged"><figure class="promotion-item-image"><img alt="CJ 바이오코어 피부면역 유산균 캡슐, 1개, 30정" loading="lazy" width="160" height="160" decoding="async" data-nimg="1" src="https://static.coupangcdn.com/image/vendor_inventory/24a2/3e4b546137e48efd419ce45aef12aa128af9d09251536d8a93a3f76909a9.jpg" style="color: transparent;"></figure><div class="promotion-badge">특가진행중</div><div class="promotion-item-info-wrap"><div class="item-title">CJ 바이오코어 피부면역 유산균 캡슐, 1개, 30정</div><div class="discount-contain"><span class="discount-text">와우할인가</span><span class="discount-rate">46%</span><span class="origin-price">27,900원</span></div><div class="promotion-item-price-contain fw-flex fw-items-center fw-flex-wrap"><span class="sales-price fw-mr-[3px]">14,850원</span></div><div class="unit-price">(1정당 490원)</div><div class="pdd-text">모레(토) 도착 예정</div><div class="delivery-text">무료배송</div><div class="promotion-item-review"><span class="split-bg item-review-score-bg"><span class="item-review-score split-bg" style="width: 100%;">100%</span></span><span class="promotion-item-review-count">(103)</span></div><div class="stock_percent_contain"><div class="progress_contain"><div class="progress_position" style="width: 99%;"></div></div><div class="progress_text">99% 남음</div></div></div></a></li><li class="promotion-carousel-item" data-id="92608302210"><a href="/vp/products/8798771632?itemId=25617930759&amp;vendorItemId=92608302210&amp;sourceType=SRP_PROMOTION" data-vendor-item-id="92608302210" data-vendor-id="A01364433" data-product-id="8798771632" data-item-id="25617930759" class="impression-logged"><figure class="promotion-item-image"><img alt="헬시얌 프로바이오틱스 강아지 고양이 유산균 장건강 변비 설사 구토 면역력, 30회분, 장건강/유산균, 1개" loading="lazy" width="160" height="160" decoding="async" data-nimg="1" src="https://static.coupangcdn.com/image/vendor_inventory/273b/33a5feaf8e9a3118850ba60a873024c5b83f18dbf959046b5564968ff5ab.jpg" style="color: transparent;"></figure><div class="promotion-badge">특가진행중</div><div class="promotion-item-info-wrap"><div class="item-title">헬시얌 프로바이오틱스 강아지 고양이 유산균 장건강 변비 설사 구토 면역력, 30회분, 장건강/유산균, 1개</div><div class="discount-contain"><span class="discount-text">와우할인가</span><span class="discount-rate">37%</span><span class="origin-price">25,900원</span></div><div class="promotion-item-price-contain fw-flex fw-items-center fw-flex-wrap"><span class="sales-price fw-mr-[3px]">16,110원</span><span class="promo-badge"><div class="ImageBadge_default__JWaYp"><img alt="판매자로켓" loading="lazy" src="https://image.coupangcdn.com/image/rds/delivery_badge_ext/badge_199559e57b9.png"></div></span></div><div class="unit-price">(1정당 537원)</div><div class="pdd-text rg">내일(금) 도착 보장</div><div class="delivery-text">무료배송∙오늘배송</div><div class="promotion-item-review"><span class="split-bg item-review-score-bg"><span class="item-review-score split-bg" style="width: 100%;">100%</span></span><span class="promotion-item-review-count">(133)</span></div><div class="stock_percent_contain"><div class="progress_contain"><div class="progress_position" style="width: 99%;"></div></div><div class="progress_text">99% 남음</div></div></div></a></li></ul></div></div><a href="#" class="promotion-carousel-arrow-button prev" title="이전 상품 보기" style="display: none;">이전 상품 보기</a><a href="#" class="promotion-carousel-arrow-button next" title="다음 상품 보기" style="display: block;">다음 상품 보기</a></div></div></div></div></div></section><!--$--><!--/$--><footer id="wa-footer"><div class="footer-layer1 is-narrowed fw-flex fw-items-center fw-justify-center max-s768:fw-flex-col" style="justify-content:center"><div class="fw-flex fw-flex-wrap"><a href="https://news.coupang.com/" target="_blank">회사소개</a><a href="https://ir.aboutcoupang.com/overview/default.aspx" target="_blank">Investor Relations</a><a href="https://rocketyourcareer.kr.coupang.com" target="_blank">인재채용</a><a href="https://marketplace.coupangcorp.com/s/?utm_source=button_pc&amp;utm_medium=non_paid&amp;utm_campaign=onsite_ca&amp;utm_id=coupang_app?inflow=WEB_FOOTER_B">입점/제휴문의</a><a href="https://mc.coupang.com/ssr/desktop/contact/notice"> <!-- -->공지사항</a><a href="https://mc.coupang.com/ssr/desktop/contact/voc"> <!-- -->고객의 소리</a><a href="https://www.coupang.com/np/policies/terms"> <!-- -->이용약관</a><a href="https://privacy.coupang.com/ko/center/coupang"> <strong>개인정보 처리방침</strong></a><a href="https://privacy.coupang.com/ko/security/status">정보보호/개인정보보호 인증</a><a href="https://rocketpay.coupang.com/rocketpay/operationTerms/coupangPcFooter">쿠팡페이 이용약관</a><a href="https://www.coupang.com/np/safety"> <!-- -->신뢰관리센터</a><a href="https://partners.coupang.com/" target="_blank">제휴마케팅</a><a href="https://ads.coupang.com" target="_blank">광고안내</a></div><div class="fw-inline-block max-s768:fw-mx-[16px] max-s768:fw-mt-[15px] max-s768:fw-block max-s768:fw-w-full"><div id="site-picker" class="site-picker fw-w-[180px] max-s768:fw-w-auto"><span id="site-picker-select" class="site-picker-label fw-w-full"><p>Global Site</p> <span class="site-picker__arrow"></span></span><ul style="z-index:9999"><li><a href="https://www.tw.coupang.com">Coupang Taiwan 酷澎台灣</a></li></ul></div></div></div><div class="footer-layer2 fw-flex fw-max-w-[768px] fw-justify-between fw-p-[16px] max-s768:fw-flex-col max-s768:fw-gap-[32px] max-s768:fw-px-[15px]"><address class="fw-flex fw-gap-[24px] max-s768:fw-flex-col"><a class="logo fw-opacity-50" href="https://www.coupang.com/" title="COUPANG"><img src="https://front.coupangcdn.com/front-web-next/_next/static/media/logo.f2c4ccb2.png" alt="" loading="lazy"></a><div>상호명 및 호스팅 서비스 제공 : 쿠팡(주)                <br> 대표이사 : 박대준                <br> 서울시 송파구 송파대로 570 <br> 사업자 등록번호 : 120-88-00767 <br>                통신판매업신고 : 2017-서울송파-0680                <br><a href="http://www.ftc.go.kr/info/bizinfo/communicationViewPopup.jsp?wrkr_no=1208800767" target="_blank" class="licensee">사업자정보 확인 &gt;</a></div></address><div class="contact-info"><a href="https://mc.coupang.com/ssr/desktop/contact/inquiry" class="call-center"> <strong>365고객센터</strong> | 전자금융거래분쟁처리담당              <br> <em>1577-7011 (유료)</em> 서울시 송파구 송파대로 570              <br>              <span class="contact-fax">email : help@coupang.com</span></a></div><p class="safe-service"><strong>채무지급보증 안내</strong>            <br>            <span>              당사는 고객님이 현금 결제한 금액에 대해              <br> 채무지급보증 계약을 체결하여              <br> 안전거래를 보장하고 있습니다.              <br>            </span><a href="https://www.coupang.com/np/etc/popWooriService" target="_blank" class="service-check fw-cursor-pointer">서비스 가입사실 확인 &gt;</a></p></div><div class="fw-mx-auto fw-mb-[20px] fw-mt-[15px] fw-hidden fw-border-b-[1px] fw-border-b-[#ddd] s768:fw-block s1500:fw-max-w-[1300px]"></div><div class="fw-mx-auto fw-mb-[16px] fw-max-w-[1300px] fw-flex-wrap fw-items-center fw-justify-start fw-gap-[8px] fw-px-[14px] fw-text-[11px] fw-text-[#768695] fw-flex s768:fw-justify-center"><div><img alt="" loading="lazy" src="https://front.coupangcdn.com/front-web-next/_next/static/media/5.73affd35.png" width="89" height="36"></div><div><img alt="" loading="lazy" src="https://front.coupangcdn.com/front-web-next/_next/static/media/6.901d77a5.png" width="55" height="36"></div></div><div class="footer-layer4"><div class="coupang-copyright fw-mx-auto fw-flex fw-max-w-[968px] fw-items-center fw-justify-between fw-gap-[20px] max-s768:fw-flex-col max-s768:fw-items-start max-s768:fw-gap-[10px]"><p class="info">사이버몰 내 판매되는 상품 중에는 쿠팡에 등록한 개별 판매자가 판매하는                마켓플레이스(오픈마켓) 상품이 포함되어 있습니다. <br>                마켓플레이스(오픈마켓) 상품의 경우 쿠팡은 통신판매중개자이며 통신판매의 당사자가                아닙니다. <br> 쿠팡은 마켓플레이스(오픈마켓) 상품, 거래정보 및 거래 등에 대하여                책임을 지지 않습니다. <br>                쿠팡은 소비자 보호와 안전거래를 위해 신뢰관리센터(CM112@coupang.com)를 운영하고                있으며, 관련 분쟁이 발생할 경우 별도의 분쟁 처리절차에 의거 분쟁이 처리됩니다.                <br> Copyright © Coupang Corp. 2010-2025 All Rights Reserved.</p><ul class="sns-link fw-flex"><li><a href="https://www.facebook.com/Coupang.korea" target="_blank" class="facebook"><img loading="lazy" src="https://front.coupangcdn.com/front-web-next/_next/static/media/f.34bde318.png" alt="" width="30" height="30"></a></li><li><a href="https://news.coupang.com/" target="_blank" class="blog"><img loading="lazy" src="https://front.coupangcdn.com/front-web-next/_next/static/media/b.637cda1c.png" class="fw-rounded-full" alt="" width="30" height="30"></a></li><li><a href="https://www.instagram.com/coupang" target="_blank" class="instagram"><img src="https://front.coupangcdn.com/front-web-next/_next/static/media/s.a7aca4ea.png" alt="" loading="lazy" class="fw-rounded-full fw-bg-white" width="30" height="30"></a></li></ul></div></div></footer><script src="https://front.coupangcdn.com/front-web-next/_next/static/chunks/webpack-9f7886cd8b601bf9.js" crossorigin="" id="_R_" async=""></script><script>(self.__next_f=self.__next_f||[]).push([0])</script><script>self.__next_f.push([1,"1:\"$Sreact.fragment\"\n2:I[90312,[],\"\"]\n3:I[93118,[],\"\"]\n7:I[66277,[],\"OutletBoundary\"]\n9:I[74864,[],\"AsyncMetadataOutlet\"]\nb:I[66277,[],\"ViewportBoundary\"]\nd:I[66277,[],\"MetadataBoundary\"]\ne:\"$Sreact.suspense\"\n10:I[50903,[\"4219\",\"static/chunks/app/global-error-0ffc7c0629879365.js\"],\"default\"]\n11:I[60870,[\"4345\",\"static/chunks/app/not-found-4b2334d4a6596d1a.js\"],\"GlobalError404\"]\n:HL[\"https://front.coupangcdn.com/front-web-next/_next/static/css/2466ac1b7643523a.css\",\"style\",{\"crossOrigin\":\"\"}]\n:HL[\"https://front.coupangcdn.com/front-web-next/_next/static/css/92430d4ae9a9d605.css\",\"style\",{\"crossOrigin\":\"\"}]\n:HL[\"https://front.coupangcdn.com/front-web-next/_next/static/css/7b6ca234eb123eeb.css\",\"style\",{\"crossOrigin\":\"\"}]\n:HL[\"https://front.coupangcdn.com/front-web-next/_next/static/css/17b6f855bd8d90c8.css\",\"style\",{\"crossOrigin\":\"\"}]\n:HL[\"https://front.coupangcdn.com/front-web-next/_next/static/css/c78d9907aeec2bbb.css\",\"style\",{\"crossOrigin\":\"\"}]\n:HL[\"https://front.coupangcdn.com/front-web-next/_next/static/css/753fd7a723bb9ca8.css\",\"style\",{\"crossOrigin\":\"\"}]\n:HL[\"https://front.coupangcdn.com/front-web-next/_next/static/css/4866c133497f94ef.css\",\"style\",{\"crossOrigin\":\"\"}]\n:HL[\"https://front.coupangcdn.com/front-web-next/_next/static/css/9a7571a0f4651006.css\",\"style\",{\"crossOrigin\":\"\"}]\n:HL[\"https://front.coupangcdn.com/front-web-next/_next/static/css/d495ef3b53c66f00.css\",\"style\",{\"crossOrigin\":\"\"}]\n:HL[\"https://front.coupangcdn.com/front-web-next/_next/static/css/23cafd9539eb2739.css\",\"style\",{\"crossOrigin\":\"\"}]\n:HL[\"https://front.coupangcdn.com/front-web-next/_next/static/css/2cfcdc254e2e12a7.css\",\"style\",{\"crossOrigin\":\"\"}]\n:HL[\"https://front.coupangcdn.com/front-web-next/_next/static/css/bbe52ccec0951673.css\",\"style\",{\"crossOrigin\":\"\"}]\n:HL[\"https://front.coupangcdn.com/front-web-next/_next/static/css/51fbaadd4cafeba5.css\",\"style\",{\"crossOrigin\":\"\"}]\n:HL[\"https://front.coupangcdn.com/front-web-next/_next/static/css/47a4d112ef89c24a.css\",\"style\",{\"crossOrigin\":\"\"}]\n:HL[\"https://front.coupangcdn.com/front-web"])</script><script>self.__next_f.push([1,"-next/_next/static/css/2ab7a7e694b4d099.css\",\"style\",{\"crossOrigin\":\"\"}]\n:HL[\"https://front.coupangcdn.com/front-web-next/_next/static/css/516ba02212076515.css\",\"style\",{\"crossOrigin\":\"\"}]\n"])</script><script>self.__next_f.push([1,"0:{\"P\":null,\"b\":\"ed2901d84fd6241fb92e43d41d6bd98c20c77f79\",\"p\":\"https://front.coupangcdn.com/front-web-next\",\"c\":[\"\",\"np\",\"search?q=%EC%9C%A0%EC%82%B0%EA%B7%A0\u0026page=1\u0026sorter=saleCountDesc\"],\"i\":false,\"f\":[[[\"\",{\"children\":[\"srp\",{\"children\":[\"__PAGE__?{\\\"q\\\":\\\"유산균\\\",\\\"page\\\":\\\"1\\\",\\\"sorter\\\":\\\"saleCountDesc\\\"}\",{}]}]},\"$undefined\",\"$undefined\",true],[\"\",[\"$\",\"$1\",\"c\",{\"children\":[[[\"$\",\"link\",\"0\",{\"rel\":\"stylesheet\",\"href\":\"https://front.coupangcdn.com/front-web-next/_next/static/css/2466ac1b7643523a.css\",\"precedence\":\"next\",\"crossOrigin\":\"anonymous\",\"nonce\":\"$undefined\"}]],[\"$\",\"$L2\",null,{\"parallelRouterKey\":\"children\",\"error\":\"$undefined\",\"errorStyles\":\"$undefined\",\"errorScripts\":\"$undefined\",\"template\":[\"$\",\"$L3\",null,{}],\"templateStyles\":\"$undefined\",\"templateScripts\":\"$undefined\",\"notFound\":[\"$L4\",[]],\"forbidden\":\"$undefined\",\"unauthorized\":\"$undefined\"}]]}],{\"children\":[\"srp\",[\"$\",\"$1\",\"c\",{\"children\":[[[\"$\",\"link\",\"0\",{\"rel\":\"stylesheet\",\"href\":\"https://front.coupangcdn.com/front-web-next/_next/static/css/92430d4ae9a9d605.css\",\"precedence\":\"next\",\"crossOrigin\":\"anonymous\",\"nonce\":\"$undefined\"}],[\"$\",\"link\",\"1\",{\"rel\":\"stylesheet\",\"href\":\"https://front.coupangcdn.com/front-web-next/_next/static/css/7b6ca234eb123eeb.css\",\"precedence\":\"next\",\"crossOrigin\":\"anonymous\",\"nonce\":\"$undefined\"}],[\"$\",\"link\",\"2\",{\"rel\":\"stylesheet\",\"href\":\"https://front.coupangcdn.com/front-web-next/_next/static/css/17b6f855bd8d90c8.css\",\"precedence\":\"next\",\"crossOrigin\":\"anonymous\",\"nonce\":\"$undefined\"}],[\"$\",\"link\",\"3\",{\"rel\":\"stylesheet\",\"href\":\"https://front.coupangcdn.com/front-web-next/_next/static/css/c78d9907aeec2bbb.css\",\"precedence\":\"next\",\"crossOrigin\":\"anonymous\",\"nonce\":\"$undefined\"}]],\"$L5\"]}],{\"children\":[\"__PAGE__\",[\"$\",\"$1\",\"c\",{\"children\":[\"$L6\",[[\"$\",\"link\",\"0\",{\"rel\":\"stylesheet\",\"href\":\"https://front.coupangcdn.com/front-web-next/_next/static/css/753fd7a723bb9ca8.css\",\"precedence\":\"next\",\"crossOrigin\":\"anonymous\",\"nonce\":\"$undefined\"}],[\"$\",\"link\",\"1\",{\"rel\":\"stylesheet\",\"href\":\"https://front.coupangcdn.com/front-web-next/_next/static/css/4866c133497f94ef.css\",\"precedence\":\"next\",\"crossOrigin\":\"anonymous\",\"nonce\":\"$undefined\"}],[\"$\",\"link\",\"2\",{\"rel\":\"stylesheet\",\"href\":\"https://front.coupangcdn.com/front-web-next/_next/static/css/9a7571a0f4651006.css\",\"precedence\":\"next\",\"crossOrigin\":\"anonymous\",\"nonce\":\"$undefined\"}],[\"$\",\"link\",\"3\",{\"rel\":\"stylesheet\",\"href\":\"https://front.coupangcdn.com/front-web-next/_next/static/css/d495ef3b53c66f00.css\",\"precedence\":\"next\",\"crossOrigin\":\"anonymous\",\"nonce\":\"$undefined\"}],[\"$\",\"link\",\"4\",{\"rel\":\"stylesheet\",\"href\":\"https://front.coupangcdn.com/front-web-next/_next/static/css/23cafd9539eb2739.css\",\"precedence\":\"next\",\"crossOrigin\":\"anonymous\",\"nonce\":\"$undefined\"}],[\"$\",\"link\",\"5\",{\"rel\":\"stylesheet\",\"href\":\"https://front.coupangcdn.com/front-web-next/_next/static/css/2cfcdc254e2e12a7.css\",\"precedence\":\"next\",\"crossOrigin\":\"anonymous\",\"nonce\":\"$undefined\"}],[\"$\",\"link\",\"6\",{\"rel\":\"stylesheet\",\"href\":\"https://front.coupangcdn.com/front-web-next/_next/static/css/bbe52ccec0951673.css\",\"precedence\":\"next\",\"crossOrigin\":\"anonymous\",\"nonce\":\"$undefined\"}],[\"$\",\"link\",\"7\",{\"rel\":\"stylesheet\",\"href\":\"https://front.coupangcdn.com/front-web-next/_next/static/css/51fbaadd4cafeba5.css\",\"precedence\":\"next\",\"crossOrigin\":\"anonymous\",\"nonce\":\"$undefined\"}],[\"$\",\"link\",\"8\",{\"rel\":\"stylesheet\",\"href\":\"https://front.coupangcdn.com/front-web-next/_next/static/css/47a4d112ef89c24a.css\",\"precedence\":\"next\",\"crossOrigin\":\"anonymous\",\"nonce\":\"$undefined\"}],[\"$\",\"link\",\"9\",{\"rel\":\"stylesheet\",\"href\":\"https://front.coupangcdn.com/front-web-next/_next/static/css/2ab7a7e694b4d099.css\",\"precedence\":\"next\",\"crossOrigin\":\"anonymous\",\"nonce\":\"$undefined\"}],[\"$\",\"link\",\"10\",{\"rel\":\"stylesheet\",\"href\":\"https://front.coupangcdn.com/front-web-next/_next/static/css/516ba02212076515.css\",\"precedence\":\"next\",\"crossOrigin\":\"anonymous\",\"nonce\":\"$undefined\"}]],[\"$\",\"$L7\",null,{\"children\":[\"$L8\",[\"$\",\"$L9\",null,{\"promise\":\"$@a\"}]]}]]}],{},null,false]},null,false]},null,false],[\"$\",\"$1\",\"h\",{\"children\":[null,[[\"$\",\"$Lb\",null,{\"children\":\"$Lc\"}],null],[\"$\",\"$Ld\",null,{\"children\":[\"$\",\"div\",null,{\"hidden\":true,\"children\":[\"$\",\"$e\",null,{\"fallback\":null,\"children\":\"$Lf\"}]}]}]]}],false]],\"m\":\"$undefined\",\"G\":[\"$10\",[]],\"s\":false,\"S\":false}\n"])</script><script>self.__next_f.push([1,"4:[\"$\",\"$L11\",null,{\"locale\":\"ko-KR\"}]\nc:[[\"$\",\"meta\",\"0\",{\"charSet\":\"utf-8\"}],[\"$\",\"meta\",\"1\",{\"name\":\"viewport\",\"content\":\"width=device-width, initial-scale=1\"}]]\n8:null\na:{\"metadata\":[],\"error\":null,\"digest\":\"$undefined\"}\nf:\"$a:metadata\"\n"])</script><script>self.__next_f.push([1,"5:[\"$undefined\",[\"$\",\"$1\",\"main\",{\"children\":\"$@12\"}]]\n6:[\"$undefined\",[\"$\",\"$1\",\"main\",{\"children\":\"$@13\"}]]\n"])</script><script>self.__next_f.push([1,"14:I[60344,[\"6433\",\"static/chunks/6433-2b3c1896c9922a6c.js\",\"4489\",\"static/chunks/4489-68b5cdfa7740d8d5.js\",\"2905\",\"static/chunks/2905-183edaf3c9af19f8.js\",\"433\",\"static/chunks/433-7eb6db1c4ef3a8d0.js\",\"3784\",\"static/chunks/3784-650ceecbaa85bc84.js\",\"175\",\"static/chunks/175-86b0232924e66eea.js\",\"4889\",\"static/chunks/4889-31329f7675f517a5.js\",\"7025\",\"static/chunks/7025-bcf8390421c7865f.js\",\"3886\",\"static/chunks/app/srp/page-6965a3ae7ffad19e.js\"],\"WebReliability\"]\n15:I[69414,[\"6433\",\"static/chunks/6433-2b3c1896c9922a6c.js\",\"4489\",\"static/chunks/4489-68b5cdfa7740d8d5.js\",\"2905\",\"static/chunks/2905-183edaf3c9af19f8.js\",\"433\",\"static/chunks/433-7eb6db1c4ef3a8d0.js\",\"3784\",\"static/chunks/3784-650ceecbaa85bc84.js\",\"175\",\"static/chunks/175-86b0232924e66eea.js\",\"4889\",\"static/chunks/4889-31329f7675f517a5.js\",\"7025\",\"static/chunks/7025-bcf8390421c7865f.js\",\"3886\",\"static/chunks/app/srp/page-6965a3ae7ffad19e.js\"],\"default\"]\n16:I[53135,[\"6433\",\"static/chunks/6433-2b3c1896c9922a6c.js\",\"4489\",\"static/chunks/4489-68b5cdfa7740d8d5.js\",\"2905\",\"static/chunks/2905-183edaf3c9af19f8.js\",\"433\",\"static/chunks/433-7eb6db1c4ef3a8d0.js\",\"3784\",\"static/chunks/3784-650ceecbaa85bc84.js\",\"175\",\"static/chunks/175-86b0232924e66eea.js\",\"4889\",\"static/chunks/4889-31329f7675f517a5.js\",\"7025\",\"static/chunks/7025-bcf8390421c7865f.js\",\"3886\",\"static/chunks/app/srp/page-6965a3ae7ffad19e.js\"],\"default\"]\n"])</script><script>self.__next_f.push([1,"13:[[\"$\",\"$L14\",null,{\"domain\":\"srp\",\"beacons\":[\"srp_filter\",\"srp_result\"],\"optionalBeacons\":[\"srp_sort\",\"srp_delivery_fee_toggle\",\"product_list\",\"pagination\"],\"children\":[[\"$\",\"section\",null,{\"id\":\"contents\",\"className\":\"fw-w-full max-[600px]:fw-overflow-hidden\",\"children\":[[\"$\",\"$L15\",null,{\"data\":[],\"isExtended\":false,\"extendedKeyword\":\"\",\"q\":\"유산균\",\"isWhitelistedSRP\":false}],[\"$\",\"div\",null,{\"className\":\"srp_pageContainer__CQGUY\",\"children\":[[\"$\",\"div\",null,{\"className\":\"fw-mx-auto fw-mb-[30px] fw-box-border fw-flex fw-w-full fw-max-w-[1300px] fw-gap-[20px] fw-bg-[#fff]\",\"children\":[[\"$\",\"div\",null,{\"className\":\"fw-relative fw-hidden fw-flex-col fw-flex-wrap fw-justify-between s600:fw-flex s600:fw-w-[200px]\",\"children\":[[\"$\",\"$L16\",null,{\"params\":{},\"data\":{\"deliveryChargeTypeFilters\":[{\"id\":\"0\",\"value\":\"rocket_luxury,rocket,coupang_global\",\"name\":\"rocket_all\",\"selected\":false,\"image\":\"https://image.coupangcdn.com/image/badges/falcon/v1/web/rocket-all@2x.png\",\"description\":null,\"disabled\":false,\"children\":[{\"id\":\"1\",\"value\":\"rocket_luxury\",\"name\":\"ROCKET_LUXURY\",\"selected\":false,\"image\":\"https://image.coupangcdn.com/image/coupang/rds/logo/iphone_2x/rds_logo_rlux_light_101719300269126@2x.png\",\"description\":\"만 보기\",\"disabled\":true,\"children\":[]},{\"id\":\"3\",\"value\":\"rocket\",\"name\":\"ROCKET\",\"selected\":false,\"image\":\"https://image.coupangcdn.com/image/badges/falcon/v1/web/txt_rocket@2x.png\",\"description\":\"만 보기\",\"disabled\":false,\"children\":[]},{\"id\":\"4\",\"value\":\"coupang_global\",\"name\":\"COUPANG_GLOBAL\",\"selected\":false,\"image\":\"https://image.coupangcdn.com/image/badges/falcon/v1/web/txt_jikgu@2x.png\",\"description\":\"만 보기\",\"disabled\":false,\"children\":[]}]},{\"id\":\"3\",\"value\":\"top_brand\",\"name\":\"TOP_BRAND\",\"selected\":false,\"image\":\"https://image.coupangcdn.com/image/badges/top_brand/c-avenue.svg\",\"description\":null,\"disabled\":true,\"children\":[]},{\"id\":\"5\",\"value\":\"free\",\"name\":\"FREE\",\"selected\":false,\"image\":null,\"description\":null,\"disabled\":false,\"children\":[]}],\"priceRangeFilters\":[{\"id\":\"all\",\"text\":\"가격 전체\",\"minPrice\":null,\"maxPrice\":null},{\"id\":\"0-20000\",\"text\":\"2만원 이하\",\"minPrice\":0,\"maxPrice\":20000},{\"id\":\"20000-40000\",\"text\":\"2만원~4만원\",\"minPrice\":20000,\"maxPrice\":40000},{\"id\":\"40000-60000\",\"text\":\"4만원~6만원\",\"minPrice\":40000,\"maxPrice\":60000},{\"id\":\"60000-80000\",\"text\":\"6만원~8만원\",\"minPrice\":60000,\"maxPrice\":80000},{\"id\":\"80000-2147483647\",\"text\":\"8만원 이상\",\"minPrice\":80000,\"maxPrice\":2147483647}],\"ratingFilters\":[{\"id\":\"12\",\"value\":\"0\",\"name\":\"전체\"},{\"id\":\"13\",\"value\":\"4\",\"name\":\"4점 이상\"},{\"id\":\"14\",\"value\":\"3\",\"name\":\"3점 이상\"},{\"id\":\"15\",\"value\":\"2\",\"name\":\"2점 이상\"},{\"id\":\"16\",\"value\":\"1\",\"name\":\"1점 이상\"}],\"brands\":[{\"id\":\"20870\",\"value\":\"20870\",\"name\":\"락토핏\"},{\"id\":\"3012\",\"value\":\"3012\",\"name\":\"뉴트리디데이\"},{\"id\":\"124378\",\"value\":\"124378\",\"name\":\"바이오리브\"},{\"id\":\"43571\",\"value\":\"43571\",\"name\":\"비타할로\"},{\"id\":\"11298\",\"value\":\"11298\",\"name\":\"BYO\"},{\"id\":\"84560\",\"value\":\"84560\",\"name\":\"JW중외제약\"},{\"id\":\"11361\",\"value\":\"11361\",\"name\":\"비타민마을\"},{\"id\":\"39181\",\"value\":\"39181\",\"name\":\"덴프스\"},{\"id\":\"51648\",\"value\":\"51648\",\"name\":\"리얼닥터\"},{\"id\":\"37457\",\"value\":\"37457\",\"name\":\"내츄럴플러스\"},{\"id\":\"100415\",\"value\":\"100415\",\"name\":\"올바른건강식품\"},{\"id\":\"108649\",\"value\":\"108649\",\"name\":\"PRONUTRITION\"},{\"id\":\"50428\",\"value\":\"50428\",\"name\":\"서울약사신협\"},{\"id\":\"11399\",\"value\":\"11399\",\"name\":\"일양약품\"},{\"id\":\"3788\",\"value\":\"3788\",\"name\":\"세노비스\"},{\"id\":\"29173\",\"value\":\"29173\",\"name\":\"스완슨\"},{\"id\":\"52067\",\"value\":\"52067\",\"name\":\"메디타민\"},{\"id\":\"77331\",\"value\":\"77331\",\"name\":\"데이즈온\"},{\"id\":\"91991\",\"value\":\"91991\",\"name\":\"디뉴\"},{\"id\":\"93375\",\"value\":\"93375\",\"name\":\"담백하루\"}],\"offerConditions\":[{\"id\":\"1\",\"value\":\"NEW\",\"name\":\"새 상품\"},{\"id\":\"2\",\"value\":\"PACKAGE_DAMAGED\",\"name\":\"박스 훼손\"},{\"id\":\"3\",\"value\":\"REPACKAGING\",\"name\":\"재포장\"},{\"id\":\"7\",\"value\":\"RETURN\",\"name\":\"반품\"},{\"id\":\"5\",\"value\":\"USED\",\"name\":\"중고\"}],\"componentAttributeFilter\":[{\"id\":\"194176-attr_7652\",\"value\":\"attr_7652\",\"componentId\":194176,\"name\":\"낱개상품 여부\",\"children\":[{\"id\":\"31823\",\"value\":\"31823\",\"name\":\"낱개상품\",\"disabled\":false}]},{\"id\":\"306650-attr_10573\",\"value\":\"attr_10573\",\"componentId\":306650,\"name\":\"형태\",\"children\":[{\"id\":\"4066\",\"value\":\"4066\",\"name\":\"캡슐\",\"disabled\":false},{\"id\":\"4065\",\"value\":\"4065\",\"name\":\"츄어블\",\"disabled\":false},{\"id\":\"4965\",\"value\":\"4965\",\"name\":\"캔디\",\"disabled\":false},{\"id\":\"4068\",\"value\":\"4068\",\"name\":\"액상\",\"disabled\":false},{\"id\":\"4067\",\"value\":\"4067\",\"name\":\"분말\",\"disabled\":false},{\"id\":\"4070\",\"value\":\"4070\",\"name\":\"스프레이\",\"disabled\":false},{\"id\":\"4069\",\"value\":\"4069\",\"name\":\"스틱\",\"disabled\":false},{\"id\":\"22081\",\"value\":\"22081\",\"name\":\"크림/겔\",\"disabled\":false}]},{\"id\":\"306650-attr_7347\",\"value\":\"attr_7347\",\"componentId\":306650,\"name\":\"섭취대상\",\"children\":[{\"id\":\"4183\",\"value\":\"4183\",\"name\":\"성인\",\"disabled\":false},{\"id\":\"4181\",\"value\":\"4181\",\"name\":\"여성\",\"disabled\":false},{\"id\":\"15628\",\"value\":\"15628\",\"name\":\"임산부\",\"disabled\":false},{\"id\":\"22101\",\"value\":\"22101\",\"name\":\"어린이/청소년\",\"disabled\":false}]},{\"id\":\"196287-attr_7637\",\"value\":\"attr_7637\",\"componentId\":196287,\"name\":\"개당 중량\",\"children\":[{\"id\":\"14966\",\"value\":\"14966\",\"name\":\"400g 이하\",\"disabled\":false},{\"id\":\"14967\",\"value\":\"14967\",\"name\":\"400~600g\",\"disabled\":false},{\"id\":\"14968\",\"value\":\"14968\",\"name\":\"600~800g\",\"disabled\":false},{\"id\":\"14969\",\"value\":\"14969\",\"name\":\"800~900g\",\"disabled\":false},{\"id\":\"14970\",\"value\":\"14970\",\"name\":\"900g 이상\",\"disabled\":false}]},{\"id\":\"196287-attr_7823\",\"value\":\"attr_7823\",\"componentId\":196287,\"name\":\"개당 용량\",\"children\":[{\"id\":\"14491\",\"value\":\"14491\",\"name\":\"80ml 이하\",\"disabled\":false},{\"id\":\"14492\",\"value\":\"14492\",\"name\":\"80~100ml\",\"disabled\":false},{\"id\":\"14493\",\"value\":\"14493\",\"name\":\"100~120ml\",\"disabled\":false},{\"id\":\"14494\",\"value\":\"14494\",\"name\":\"120~140ml\",\"disabled\":false},{\"id\":\"14495\",\"value\":\"14495\",\"name\":\"140~160ml\",\"disabled\":false},{\"id\":\"14496\",\"value\":\"14496\",\"name\":\"160~180ml\",\"disabled\":false},{\"id\":\"14497\",\"value\":\"14497\",\"name\":\"180~200ml\",\"disabled\":false},{\"id\":\"14498\",\"value\":\"14498\",\"name\":\"200~240ml\",\"disabled\":false},{\"id\":\"14499\",\"value\":\"14499\",\"name\":\"240ml 이상\",\"disabled\":false}]},{\"id\":\"1-attr_12746\",\"value\":\"attr_12746\",\"componentId\":1,\"name\":\"종류\",\"children\":[{\"id\":\"22071\",\"value\":\"22071\",\"name\":\"프리바이오틱스\",\"disabled\":false},{\"id\":\"22072\",\"value\":\"22072\",\"name\":\"프로바이오틱스\",\"disabled\":false},{\"id\":\"22073\",\"value\":\"22073\",\"name\":\"신바이오틱스\",\"disabled\":false}]},{\"id\":\"1-attr_11411\",\"value\":\"attr_11411\",\"componentId\":1,\"name\":\"보관방식\",\"children\":[{\"id\":\"4073\",\"value\":\"4073\",\"name\":\"냉장보관\",\"disabled\":false},{\"id\":\"4072\",\"value\":\"4072\",\"name\":\"냉동보관\",\"disabled\":false},{\"id\":\"4071\",\"value\":\"4071\",\"name\":\"실온보관\",\"disabled\":false}]},{\"id\":\"1-attr_12546\",\"value\":\"attr_12546\",\"componentId\":1,\"name\":\"식약처인증 여부\",\"children\":[{\"id\":\"20196\",\"value\":\"20196\",\"name\":\"식약처인증\",\"disabled\":false}]},{\"id\":\"1-attr_12916\",\"value\":\"attr_12916\",\"componentId\":1,\"name\":\"보장균수\",\"children\":[{\"id\":\"25474\",\"value\":\"25474\",\"name\":\"1억 이하\",\"disabled\":false},{\"id\":\"25475\",\"value\":\"25475\",\"name\":\"2~10억\",\"disabled\":false},{\"id\":\"25476\",\"value\":\"25476\",\"name\":\"11~50억\",\"disabled\":false},{\"id\":\"25477\",\"value\":\"25477\",\"name\":\"51억 이상\",\"disabled\":false}]},{\"id\":\"1-attr_12915\",\"value\":\"attr_12915\",\"componentId\":1,\"name\":\"건강식품 성분\",\"children\":[{\"id\":\"25446\",\"value\":\"25446\",\"name\":\"단일건강식품\",\"disabled\":false},{\"id\":\"25447\",\"value\":\"25447\",\"name\":\"복합건강식품\",\"disabled\":false}]},{\"id\":\"1-attr_12747\",\"value\":\"attr_12747\",\"componentId\":1,\"name\":\"유산균 특징\",\"children\":[{\"id\":\"22074\",\"value\":\"22074\",\"name\":\"LGG\",\"disabled\":false},{\"id\":\"22075\",\"value\":\"22075\",\"name\":\"프롤린\",\"disabled\":false},{\"id\":\"22076\",\"value\":\"22076\",\"name\":\"다이어트\",\"disabled\":false},{\"id\":\"22077\",\"value\":\"22077\",\"name\":\"모유유산균\",\"disabled\":false},{\"id\":\"22078\",\"value\":\"22078\",\"name\":\"질유산균\",\"disabled\":false},{\"id\":\"29976\",\"value\":\"29976\",\"name\":\"낙산균\",\"disabled\":false},{\"id\":\"31858\",\"value\":\"31858\",\"name\":\"구강유산균\",\"disabled\":false}]},{\"id\":\"1-attr_12777\",\"value\":\"attr_12777\",\"componentId\":1,\"name\":\"비건 여부\",\"children\":[{\"id\":\"22381\",\"value\":\"22381\",\"name\":\"비건\",\"disabled\":false}]},{\"id\":\"1-attr_12397\",\"value\":\"attr_12397\",\"componentId\":1,\"name\":\"유기농/친환경 등\",\"children\":[{\"id\":\"18023\",\"value\":\"18023\",\"name\":\"인증 있음\",\"disabled\":false}]},{\"id\":\"1-attr_11210\",\"value\":\"attr_11210\",\"componentId\":1,\"name\":\"용도\",\"children\":[{\"id\":\"1905\",\"value\":\"1905\",\"name\":\"가정용\",\"disabled\":false},{\"id\":\"1906\",\"value\":\"1906\",\"name\":\"업소용\",\"disabled\":false}]},{\"id\":\"1-attr_ic_76939\",\"value\":\"attr_ic_76939\",\"componentId\":1,\"name\":\"유아건강식품 종류\",\"children\":[{\"id\":\"8592\",\"value\":\"8592\",\"name\":\"유아비타민\",\"disabled\":false},{\"id\":\"8593\",\"value\":\"8593\",\"name\":\"유아미네랄\",\"disabled\":false},{\"id\":\"8594\",\"value\":\"8594\",\"name\":\"유아홍삼\",\"disabled\":false},{\"id\":\"8595\",\"value\":\"8595\",\"name\":\"유아유산균\",\"disabled\":false},{\"id\":\"8596\",\"value\":\"8596\",\"name\":\"초유\",\"disabled\":false},{\"id\":\"8597\",\"value\":\"8597\",\"name\":\"유아아연\",\"disabled\":false},{\"id\":\"8598\",\"value\":\"8598\",\"name\":\"유아칼슘/성장발육\",\"disabled\":false},{\"id\":\"8599\",\"value\":\"8599\",\"name\":\"유아프로틴\",\"disabled\":false},{\"id\":\"8600\",\"value\":\"8600\",\"name\":\"유아오메가3\",\"disabled\":false},{\"id\":\"8601\",\"value\":\"8601\",\"name\":\"유아DHA\",\"disabled\":false},{\"id\":\"8602\",\"value\":\"8602\",\"name\":\"유아철분\",\"disabled\":false}]}],\"searchResultComponents\":[{\"name\":\"전체\",\"eventLabel\":\"all\"},{\"id\":194176,\"linkCode\":\"194276\",\"linkUri\":\"/np/categories/194276\",\"name\":\"식품\",\"eventLabel\":\"food\"},{\"id\":305698,\"linkCode\":\"305798\",\"linkUri\":\"/np/categories/305798\",\"name\":\"헬스/건강식품\",\"eventLabel\":\"health\"},{\"id\":449013,\"linkCode\":\"coupangglobal\",\"linkUri\":\"/np/coupangglobal\",\"name\":\"로켓직구\",\"eventLabel\":\"coupangglobal\"},{\"id\":510591,\"linkCode\":\"510691\",\"linkUri\":\"/np/categories/510691\",\"name\":\"쿠팡수입\",\"eventLabel\":\"coupangglobalsourcing\"},{\"id\":221834,\"linkCode\":\"221934\",\"linkUri\":\"/np/categories/221934\",\"name\":\"출산/유아동\",\"eventLabel\":\"baby\"},{\"id\":383270,\"linkCode\":\"383370\",\"linkUri\":\"/np/categories/383370\",\"name\":\"실버스토어\",\"eventLabel\":\"silverstore\"},{\"id\":397155,\"linkCode\":\"397255\",\"linkUri\":\"/np/campaigns/17593\",\"name\":\"미세먼지용품\",\"eventLabel\":\"finedust\"},{\"id\":115574,\"linkCode\":\"115674\",\"linkUri\":\"/np/categories/115674\",\"name\":\"반려동물용품\",\"eventLabel\":\"pets\"},{\"id\":433684,\"linkCode\":\"433784\",\"linkUri\":\"/np/categories/433784\",\"name\":\"싱글라이프\",\"eventLabel\":\"finedust\"},{\"id\":115573,\"linkCode\":\"115673\",\"linkUri\":\"/np/categories/115673\",\"name\":\"생활용품\",\"eventLabel\":\"living\"},{\"id\":176422,\"linkCode\":\"176522\",\"linkUri\":\"/np/categories/176522\",\"name\":\"뷰티\",\"eventLabel\":\"beauty\"},{\"id\":566945,\"linkCode\":\"567045\",\"linkUri\":\"/np/campaigns/18530\",\"name\":\"R.LUX\",\"eventLabel\":\"rlux\"},{\"id\":185569,\"linkCode\":\"185669\",\"linkUri\":\"/np/categories/185669\",\"name\":\"주방용품\",\"eventLabel\":\"kitchen\"},{\"id\":316068,\"linkCode\":\"316168\",\"linkUri\":\"/np/categories/316168\",\"name\":\"홈카페\",\"eventLabel\":\"coffee\"},{\"id\":317678,\"linkCode\":\"317778\",\"linkUri\":\"/np/categories/317778\",\"name\":\"스포츠/레저\",\"eventLabel\":\"sports\"},{\"id\":184455,\"linkCode\":\"184555\",\"linkUri\":\"/np/categories/184555\",\"name\":\"홈인테리어\",\"eventLabel\":\"home_decoration\"},{\"id\":178155,\"linkCode\":\"178255\",\"linkUri\":\"/np/categories/178255\",\"name\":\"가전디지털\",\"eventLabel\":\"digital\"},{\"id\":416030,\"linkCode\":\"416130\",\"linkUri\":\"/np/categories/416130\",\"name\":\"결혼준비\",\"eventLabel\":\"marriage\"},{\"id\":317679,\"linkCode\":\"317779\",\"linkUri\":\"/np/categories/317779\",\"name\":\"완구/취미\",\"eventLabel\":\"hobby\"},{\"id\":317677,\"linkCode\":\"317777\",\"linkUri\":\"/np/categories/317777\",\"name\":\"도서/음반/DVD\",\"eventLabel\":\"book\"},{\"id\":177195,\"linkCode\":\"177295\",\"linkUri\":\"/np/categories/177295\",\"name\":\"문구/오피스\",\"eventLabel\":\"office\"},{\"id\":564553,\"linkCode\":\"564653\",\"linkUri\":\"/np/categories/564653\",\"name\":\"패션의류/잡화\",\"eventLabel\":\"womanclothe\"},{\"id\":183960,\"linkCode\":\"184060\",\"linkUri\":\"/np/categories/184060\",\"name\":\"자동차용품\",\"eventLabel\":\"car\"},{\"id\":410173,\"linkCode\":\"410273\",\"linkUri\":\"/np/categories/410273\",\"name\":\"아트/공예\",\"eventLabel\":\"아트/공예\"}],\"sorters\":[{\"id\":\"scoreDesc\",\"name\":\"쿠팡 랭킹순\"},{\"id\":\"salePriceAsc\",\"name\":\"낮은가격순\"},{\"id\":\"salePriceDesc\",\"name\":\"높은가격순\"},{\"id\":\"saleCountDesc\",\"name\":\"판매량순\"},{\"id\":\"latestAsc\",\"name\":\"최신순\"}]},\"query\":{\"listSize\":36,\"page\":1,\"filterType\":[],\"isPriceRange\":false,\"minPrice\":\"$undefined\",\"maxPrice\":\"$undefined\",\"component\":\"$undefined\",\"componentId\":\"$undefined\",\"campaignId\":\"$undefined\",\"sorter\":\"saleCountDesc\",\"brand\":[],\"offerCondition\":[],\"rating\":\"0\",\"fromComponent\":\"$undefined\",\"selectedPlpKeepFilter\":\"$undefined\",\"filter\":{},\"linkCode\":\"$undefined\",\"q\":\"유산균\",\"serviceKeys\":[\"rocket_luxury\",\"rocket\",\"coupang_global\"],\"rocketAll\":false,\"brandName\":\"$undefined\"},\"logProps\":{\"q\":\"유산균\",\"searchId\":\"1a76afe61280463\"},\"sendLog\":true}],\"$L17\"]}],\"$L18\"]}],\"$L19\",\"$L1a\",\"$undefined\",\"$L1b\",\"$L1c\"]}]]}],\"$L1d\",\"$L1e\",\"$L1f\"]}],\"$L20\"]\n"])</script><script>self.__next_f.push([1,"21:I[96670,[\"6433\",\"static/chunks/6433-2b3c1896c9922a6c.js\",\"4489\",\"static/chunks/4489-68b5cdfa7740d8d5.js\",\"2905\",\"static/chunks/2905-183edaf3c9af19f8.js\",\"433\",\"static/chunks/433-7eb6db1c4ef3a8d0.js\",\"3784\",\"static/chunks/3784-650ceecbaa85bc84.js\",\"175\",\"static/chunks/175-86b0232924e66eea.js\",\"4889\",\"static/chunks/4889-31329f7675f517a5.js\",\"7025\",\"static/chunks/7025-bcf8390421c7865f.js\",\"3886\",\"static/chunks/app/srp/page-6965a3ae7ffad19e.js\"],\"default\"]\n22:I[37073,[\"6433\",\"static/chunks/6433-2b3c1896c9922a6c.js\",\"4489\",\"static/chunks/4489-68b5cdfa7740d8d5.js\",\"2905\",\"static/chunks/2905-183edaf3c9af19f8.js\",\"433\",\"static/chunks/433-7eb6db1c4ef3a8d0.js\",\"3784\",\"static/chunks/3784-650ceecbaa85bc84.js\",\"175\",\"static/chunks/175-86b0232924e66eea.js\",\"4889\",\"static/chunks/4889-31329f7675f517a5.js\",\"7025\",\"static/chunks/7025-bcf8390421c7865f.js\",\"3886\",\"static/chunks/app/srp/page-6965a3ae7ffad19e.js\"],\"default\"]\n23:I[18858,[\"6433\",\"static/chunks/6433-2b3c1896c9922a6c.js\",\"4489\",\"static/chunks/4489-68b5cdfa7740d8d5.js\",\"2905\",\"static/chunks/2905-183edaf3c9af19f8.js\",\"433\",\"static/chunks/433-7eb6db1c4ef3a8d0.js\",\"3784\",\"static/chunks/3784-650ceecbaa85bc84.js\",\"175\",\"static/chunks/175-86b0232924e66eea.js\",\"4889\",\"static/chunks/4889-31329f7675f517a5.js\",\"7025\",\"static/chunks/7025-bcf8390421c7865f.js\",\"3886\",\"static/chunks/app/srp/page-6965a3ae7ffad19e.js\"],\"default\"]\n24:I[70242,[\"6433\",\"static/chunks/6433-2b3c1896c9922a6c.js\",\"4489\",\"static/chunks/4489-68b5cdfa7740d8d5.js\",\"2905\",\"static/chunks/2905-183edaf3c9af19f8.js\",\"433\",\"static/chunks/433-7eb6db1c4ef3a8d0.js\",\"3784\",\"static/chunks/3784-650ceecbaa85bc84.js\",\"175\",\"static/chunks/175-86b0232924e66eea.js\",\"4889\",\"static/chunks/4889-31329f7675f517a5.js\",\"7025\",\"static/chunks/7025-bcf8390421c7865f.js\",\"3886\",\"static/chunks/app/srp/page-6965a3ae7ffad19e.js\"],\"default\"]\n25:I[37387,[\"6433\",\"static/chunks/6433-2b3c1896c9922a6c.js\",\"4489\",\"static/chunks/4489-68b5cdfa7740d8d5.js\",\"2905\",\"static/chunks/2905-183edaf3c9af19f8.js\",\"433\",\"static/chunks/433-7eb6db1c4ef3a8d0.js\",\"3784\""])</script><script>self.__next_f.push([1,",\"static/chunks/3784-650ceecbaa85bc84.js\",\"175\",\"static/chunks/175-86b0232924e66eea.js\",\"4889\",\"static/chunks/4889-31329f7675f517a5.js\",\"7025\",\"static/chunks/7025-bcf8390421c7865f.js\",\"3886\",\"static/chunks/app/srp/page-6965a3ae7ffad19e.js\"],\"default\"]\n26:I[22277,[\"6433\",\"static/chunks/6433-2b3c1896c9922a6c.js\",\"4489\",\"static/chunks/4489-68b5cdfa7740d8d5.js\",\"2905\",\"static/chunks/2905-183edaf3c9af19f8.js\",\"433\",\"static/chunks/433-7eb6db1c4ef3a8d0.js\",\"3784\",\"static/chunks/3784-650ceecbaa85bc84.js\",\"175\",\"static/chunks/175-86b0232924e66eea.js\",\"4889\",\"static/chunks/4889-31329f7675f517a5.js\",\"7025\",\"static/chunks/7025-bcf8390421c7865f.js\",\"3886\",\"static/chunks/app/srp/page-6965a3ae7ffad19e.js\"],\"default\"]\n29:I[15841,[\"6433\",\"static/chunks/6433-2b3c1896c9922a6c.js\",\"4489\",\"static/chunks/4489-68b5cdfa7740d8d5.js\",\"2905\",\"static/chunks/2905-183edaf3c9af19f8.js\",\"433\",\"static/chunks/433-7eb6db1c4ef3a8d0.js\",\"3784\",\"static/chunks/3784-650ceecbaa85bc84.js\",\"175\",\"static/chunks/175-86b0232924e66eea.js\",\"4889\",\"static/chunks/4889-31329f7675f517a5.js\",\"7025\",\"static/chunks/7025-bcf8390421c7865f.js\",\"3886\",\"static/chunks/app/srp/page-6965a3ae7ffad19e.js\"],\"default\"]\n2a:I[66179,[\"6433\",\"static/chunks/6433-2b3c1896c9922a6c.js\",\"4489\",\"static/chunks/4489-68b5cdfa7740d8d5.js\",\"2905\",\"static/chunks/2905-183edaf3c9af19f8.js\",\"433\",\"static/chunks/433-7eb6db1c4ef3a8d0.js\",\"3784\",\"static/chunks/3784-650ceecbaa85bc84.js\",\"175\",\"static/chunks/175-86b0232924e66eea.js\",\"4889\",\"static/chunks/4889-31329f7675f517a5.js\",\"7025\",\"static/chunks/7025-bcf8390421c7865f.js\",\"3886\",\"static/chunks/app/srp/page-6965a3ae7ffad19e.js\"],\"default\"]\n2b:I[655,[\"6433\",\"static/chunks/6433-2b3c1896c9922a6c.js\",\"4489\",\"static/chunks/4489-68b5cdfa7740d8d5.js\",\"2905\",\"static/chunks/2905-183edaf3c9af19f8.js\",\"433\",\"static/chunks/433-7eb6db1c4ef3a8d0.js\",\"3784\",\"static/chunks/3784-650ceecbaa85bc84.js\",\"175\",\"static/chunks/175-86b0232924e66eea.js\",\"4889\",\"static/chunks/4889-31329f7675f517a5.js\",\"7025\",\"static/chunks/7025-bcf8390421c7865f.js\",\"3886\",\"static/chunks/app/"])</script><script>self.__next_f.push([1,"srp/page-6965a3ae7ffad19e.js\"],\"default\"]\n2c:I[59164,[\"6433\",\"static/chunks/6433-2b3c1896c9922a6c.js\",\"4489\",\"static/chunks/4489-68b5cdfa7740d8d5.js\",\"2905\",\"static/chunks/2905-183edaf3c9af19f8.js\",\"433\",\"static/chunks/433-7eb6db1c4ef3a8d0.js\",\"3784\",\"static/chunks/3784-650ceecbaa85bc84.js\",\"175\",\"static/chunks/175-86b0232924e66eea.js\",\"4889\",\"static/chunks/4889-31329f7675f517a5.js\",\"7025\",\"static/chunks/7025-bcf8390421c7865f.js\",\"3886\",\"static/chunks/app/srp/page-6965a3ae7ffad19e.js\"],\"AutoRedirection\"]\n2d:I[80910,[\"6433\",\"static/chunks/6433-2b3c1896c9922a6c.js\",\"4489\",\"static/chunks/4489-68b5cdfa7740d8d5.js\",\"2905\",\"static/chunks/2905-183edaf3c9af19f8.js\",\"433\",\"static/chunks/433-7eb6db1c4ef3a8d0.js\",\"3784\",\"static/chunks/3784-650ceecbaa85bc84.js\",\"175\",\"static/chunks/175-86b0232924e66eea.js\",\"4889\",\"static/chunks/4889-31329f7675f517a5.js\",\"7025\",\"static/chunks/7025-bcf8390421c7865f.js\",\"3886\",\"static/chunks/app/srp/page-6965a3ae7ffad19e.js\"],\"GA4PlpSrpViewItemList\"]\n2e:I[32582,[\"6433\",\"static/chunks/6433-2b3c1896c9922a6c.js\",\"4489\",\"static/chunks/4489-68b5cdfa7740d8d5.js\",\"2905\",\"static/chunks/2905-183edaf3c9af19f8.js\",\"433\",\"static/chunks/433-7eb6db1c4ef3a8d0.js\",\"3784\",\"static/chunks/3784-650ceecbaa85bc84.js\",\"175\",\"static/chunks/175-86b0232924e66eea.js\",\"4889\",\"static/chunks/4889-31329f7675f517a5.js\",\"7025\",\"static/chunks/7025-bcf8390421c7865f.js\",\"3886\",\"static/chunks/app/srp/page-6965a3ae7ffad19e.js\"],\"CriteoLog\"]\n2f:I[32582,[\"6433\",\"static/chunks/6433-2b3c1896c9922a6c.js\",\"4489\",\"static/chunks/4489-68b5cdfa7740d8d5.js\",\"2905\",\"static/chunks/2905-183edaf3c9af19f8.js\",\"433\",\"static/chunks/433-7eb6db1c4ef3a8d0.js\",\"3784\",\"static/chunks/3784-650ceecbaa85bc84.js\",\"175\",\"static/chunks/175-86b0232924e66eea.js\",\"4889\",\"static/chunks/4889-31329f7675f517a5.js\",\"7025\",\"static/chunks/7025-bcf8390421c7865f.js\",\"3886\",\"static/chunks/app/srp/page-6965a3ae7ffad19e.js\"],\"PixelLog\"]\n30:I[80910,[\"6433\",\"static/chunks/6433-2b3c1896c9922a6c.js\",\"4489\",\"static/chunks/4489-68b5cdfa7740d8d5.js\",\"2905\",\"static/chunks/2905-183eda"])</script><script>self.__next_f.push([1,"f3c9af19f8.js\",\"433\",\"static/chunks/433-7eb6db1c4ef3a8d0.js\",\"3784\",\"static/chunks/3784-650ceecbaa85bc84.js\",\"175\",\"static/chunks/175-86b0232924e66eea.js\",\"4889\",\"static/chunks/4889-31329f7675f517a5.js\",\"7025\",\"static/chunks/7025-bcf8390421c7865f.js\",\"3886\",\"static/chunks/app/srp/page-6965a3ae7ffad19e.js\"],\"GA4SearchItem\"]\n"])</script><script>self.__next_f.push([1,"17:[\"$\",\"$L21\",null,{\"q\":\"유산균\",\"searchId\":\"1a76afe61280463\",\"channel\":\"\",\"keywords\":[{\"encodedKeyword\":\"%EC%97%AC%EC%84%B1%EC%9C%A0%EC%82%B0%EA%B7%A0\",\"keyword\":\"여성유산균\"},{\"encodedKeyword\":\"bnr17%EC%9C%A0%EC%82%B0%EA%B7%A0%EB%8B%A4%EC%9D%B4%EC%96%B4%ED%8A%B8\",\"keyword\":\"bnr17유산균다이어트\"},{\"encodedKeyword\":\"%EC%9C%A0%EC%82%B0%EA%B7%A0\",\"keyword\":\"유산균\"},{\"encodedKeyword\":\"%EC%A2%85%EA%B7%BC%EB%8B%B9%EC%9C%A0%EC%82%B0%EA%B7%A0\",\"keyword\":\"종근당유산균\"},{\"encodedKeyword\":\"%EB%9D%BD%ED%86%A0%ED%95%8F%EC%83%9D%EC%9C%A0%EC%82%B0%EA%B7%A0%EA%B3%A8%EB%93%9C\",\"keyword\":\"락토핏생유산균골드\"},{\"encodedKeyword\":\"%ED%94%84%EB%A1%9C%EB%B0%94%EC%9D%B4%EC%98%A4%ED%8B%B1%EC%8A%A4\",\"keyword\":\"프로바이오틱스\"},{\"encodedKeyword\":\"%EB%9D%BD%ED%86%A0%ED%95%8F\",\"keyword\":\"락토핏\"},{\"encodedKeyword\":\"cj%EC%9C%A0%EC%82%B0%EA%B7%A0\",\"keyword\":\"cj유산균\"},{\"encodedKeyword\":\"%EC%98%A4%EB%A9%94%EA%B0%803\",\"keyword\":\"오메가3\"},{\"encodedKeyword\":\"%ED%94%84%EB%A6%AC%EB%B0%94%EC%9D%B4%EC%98%A4%ED%8B%B1%EC%8A%A4\",\"keyword\":\"프리바이오틱스\"}]}]\n"])</script><script>self.__next_f.push([1,"18:[\"$\",\"div\",null,{\"className\":\"fw-mt-[20px] fw-flex fw-flex-1 fw-flex-col fw-overflow-hidden\",\"children\":[[\"$\",\"div\",null,{\"className\":\"srp_resultHeader___PlJ5\",\"children\":[[\"$\",\"h1\",null,{\"children\":[[\"$\",\"strong\",null,{\"children\":[\"'\",\"유산균\",\"'\"]}],\"에 대한 검색결과\"]}],false,[\"$\",\"div\",null,{\"className\":\"srp_relatedKeywords__DJiuK\",\"children\":[[\"$\",\"span\",null,{\"children\":\"연관검색어: \"}],[[\"$\",\"$L22\",\"0\",{\"keyword\":\"$17:props:keywords:0\",\"channel\":\"relate\",\"q\":\"유산균\"}],[\"$\",\"$L22\",\"1\",{\"keyword\":\"$17:props:keywords:1\",\"channel\":\"relate\",\"q\":\"유산균\"}],[\"$\",\"$L22\",\"2\",{\"keyword\":\"$17:props:keywords:2\",\"channel\":\"relate\",\"q\":\"유산균\"}],[\"$\",\"$L22\",\"3\",{\"keyword\":\"$17:props:keywords:3\",\"channel\":\"relate\",\"q\":\"유산균\"}],[\"$\",\"$L22\",\"4\",{\"keyword\":\"$17:props:keywords:4\",\"channel\":\"relate\",\"q\":\"유산균\"}],[\"$\",\"$L22\",\"5\",{\"keyword\":\"$17:props:keywords:5\",\"channel\":\"relate\",\"q\":\"유산균\"}],[\"$\",\"$L22\",\"6\",{\"keyword\":\"$17:props:keywords:6\",\"channel\":\"relate\",\"q\":\"유산균\"}],[\"$\",\"$L22\",\"7\",{\"keyword\":\"$17:props:keywords:7\",\"channel\":\"relate\",\"q\":\"유산균\"}],[\"$\",\"$L22\",\"8\",{\"keyword\":\"$17:props:keywords:8\",\"channel\":\"relate\",\"q\":\"유산균\"}],[\"$\",\"$L22\",\"9\",{\"keyword\":\"$17:props:keywords:9\",\"channel\":\"relate\",\"q\":\"유산균\"}]]]}],[\"$\",\"div\",null,{\"className\":\"srp_searchUtilArea__Ln1Cg\",\"children\":[[\"$\",\"$L23\",null,{\"toggleStatus\":false,\"searchId\":\"1a76afe61280463\",\"q\":\"유산균\"}],[\"$\",\"$L24\",null,{\"sorters\":[{\"name\":\"쿠팡 랭킹순\",\"linkCode\":\"ACCURACY\",\"searchSorter\":{\"key\":\"scoreDesc\",\"sortType\":\"DEFAULT\",\"selected\":false},\"selected\":false,\"eventLabel\":\"accuracy\"},{\"name\":\"낮은가격순\",\"linkCode\":\"LOW_PRICE\",\"searchSorter\":{\"key\":\"salePriceAsc\",\"sortType\":\"LOWEST_PRICE\",\"selected\":false},\"selected\":false,\"eventLabel\":\"low_price\"},{\"name\":\"높은가격순\",\"linkCode\":\"HIGH_PRICE\",\"searchSorter\":{\"key\":\"salePriceDesc\",\"sortType\":\"MAXIMUM_PRICE\",\"selected\":false},\"selected\":false,\"eventLabel\":\"high_price\"},{\"name\":\"판매량순\",\"linkCode\":\"SALES_COUNT\",\"searchSorter\":{\"key\":\"saleCountDesc\",\"sortType\":\"BEST_SELLING\",\"selected\":false},\"selected\":true,\"eventLabel\":\"sales_count\"},{\"name\":\"최신순\",\"linkCode\":\"LATEST\",\"searchSorter\":{\"key\":\"latestAsc\",\"sortType\":\"RECENCY\",\"selected\":false},\"selected\":false,\"eventLabel\":\"latest\"}],\"q\":\"유산균\"}],[\"$\",\"div\",null,{\"className\":\"srp_flexPlaceholder__gUkif\"}],[\"$\",\"$L25\",null,{\"listSize\":36,\"q\":\"유산균\"}],[\"$\",\"$L16\",null,{\"params\":\"$13:0:props:children:0:props:children:1:props:children:0:props:children:0:props:children:0:props:params\",\"data\":\"$13:0:props:children:0:props:children:1:props:children:0:props:children:0:props:children:0:props:data\",\"query\":\"$13:0:props:children:0:props:children:1:props:children:0:props:children:0:props:children:0:props:query\",\"logProps\":{\"q\":\"유산균\",\"searchId\":\"1a76afe61280463\"},\"button\":true}]]}]]}],\"$undefined\",[\"$\",\"$L26\",null,{\"srpBrandProductTopBanner\":null,\"keywordProductTopBanner\":{\"productId\":7257246284,\"itemId\":18475867677,\"vendorItemId\":85615809107,\"type\":\"ADZERK_KEYWORD\",\"imageUrl\":\"//thumbnail.coupangcdn.com/thumbnails/remote/292x292ex/image/vendor_inventory/57cf/3294899bc221169ce7183bcdff2e751945142cd64c2ae17ec263e82607f7.jpg\",\"badgeUrl\":\"https://image.coupangcdn.com/image/coupang/rds/logo/xxxhdpi/logo_rocket_filter_medium.png\",\"pddUrl\":\"https://image.coupangcdn.com/image/coupang/rds/logo_v2/rds_logo_pdd_tomorrow_md/badge_199cd481e67.png\",\"badgeType\":\"ROCKET\",\"freeDelivery\":\"\",\"linkUrl\":\"/vp/products/7257246284?itemId=18475867677\u0026vendorItemId=85615809107\u0026sourceType=srp_top_banner_ads\u0026clickEventId=752ec8d0-c5dd-11f0-a1d5-98b7952ed123\u0026korePlacement=19\",\"adzerkLogDto\":{\"clickLogUri\":\"https://mercury.coupang.com/e.gif?r=752ec8d0-c5dd-11f0-a1d5-98b7952ed123%7E3\u0026korePlacement=19\",\"impressionLogUri\":\"https://mercury.coupang.com/e.gif?r=752ec8d0-c5dd-11f0-a1d5-98b7952ed123%7E1\u0026korePlacement=19\",\"viewImpression\":\"https://mercury.coupang.com/e.gif?r=752ec8d0-c5dd-11f0-a1d5-98b7952ed123%7E2\u0026korePlacement=19\",\"eventId\":\"752ec8d0-c5dd-11f0-a1d5-98b7952ed123\",\"feedsId\":\"\"},\"title\":\"비오비타 패밀리 미니정제 유산균, 84정, 1개\",\"bannerRatingInfo\":{\"ratingCount\":null,\"ratingAverage\":100},\"originalPrice\":null,\"salesPrice\":17900,\"instantDiscountPrice\":null,\"couponDiscountPrice\":null,\"discountRate\":null,\"dynamicTemplate\":{\"id\":5453,\"placementId\":19,\"placementName\":\"PC_SRP_TOP_BANNER\",\"rawContent\":{\"__id\":\"341f22e1-df89-4a6e-8fdd-2850f6012bb1\",\"type\":\"V_STACK\",\"items\":[{\"__id\":\"4bd94bdf-6e30-408c-9e38-1eeb0c908446\",\"type\":\"H_STACK\",\"items\":[{\"__id\":\"b7e611a8-449a-423a-a0e1-e78b15eb8d98\",\"type\":\"H_STACK\",\"items\":[{\"__id\":\"f2f1dbb4-b5e2-4b49-9958-e8cb547eb2f8\",\"type\":\"IMAGE\",\"property\":{\"size\":{\"width\":144,\"height\":144},\"align\":[],\"image\":{\"path\":{\"reference\":\"mainImage\"},\"size\":{\"width\":144,\"height\":144}},\"margin\":{\"right\":6},\"gravity\":[],\"isFlexible\":false,\"horizontalScroll\":false},\"dataParts\":\"MAIN_IMAGE\"},{\"__id\":\"ab2b3c35-90ee-4dc8-82f2-e9dcbf3a12a5\",\"type\":\"H_STACK\",\"items\":[{\"__id\":\"0f556025-c9ac-40c1-879a-a8ac9793185b\",\"type\":\"IMAGE\",\"property\":{\"size\":{\"width\":144,\"height\":144},\"align\":[],\"image\":{\"path\":{\"payload\":{\"index\":0},\"reference\":\"detailImage\"},\"size\":{\"width\":144,\"height\":144}},\"margin\":{\"right\":6},\"gravity\":[],\"isFlexible\":false,\"horizontalScroll\":false}}],\"property\":{\"size\":{\"width\":-2,\"height\":144},\"align\":[],\"gravity\":[],\"isFlexible\":false,\"horizontalScroll\":false},\"dataParts\":\"MULTIPLE_THUMBNAILS\",\"thumbnailCount\":1}],\"property\":{\"size\":{\"width\":-2,\"height\":-2},\"align\":[],\"margin\":{\"right\":16},\"gravity\":[],\"isFlexible\":false,\"cornerRadius\":{\"leftTop\":8,\"rightTop\":8,\"leftBottom\":8,\"rightBottom\":8},\"customAttribute\":{\"overflow\":\"hidden\",\"min-width\":\"fit-content !important\"},\"horizontalScroll\":false}},{\"__id\":\"8b868150-68d8-438d-8dfd-715287d61ba2\",\"type\":\"V_STACK\",\"items\":[{\"__id\":\"27123a1f-c542-418f-97b9-88d5e4f015bb\",\"type\":\"LABEL\",\"property\":{\"size\":{\"width\":-1,\"height\":-2},\"text\":{\"maxLines\":2,\"textItems\":[{\"bold\":false,\"size\":22,\"text\":{\"reference\":\"productTitle\"},\"color\":{\"alpha\":1,\"value\":\"#111111\"},\"strikethrough\":false}],\"overrideSystemFont\":false},\"align\":[],\"margin\":{\"bottom\":6},\"gravity\":[],\"isFlexible\":false,\"horizontalScroll\":false},\"dataParts\":\"PRODUCT_TITLE\"},{\"__id\":\"929d8915-99ac-44ca-a6f4-99c23929eea7\",\"type\":\"H_STACK\",\"items\":[{\"__id\":\"690b8e37-91d4-4e8a-aa5c-8a89f9162de0\",\"type\":\"H_STACK\",\"items\":[{\"__id\":\"03f4f7d8-f01c-4709-aa85-3d325ac9bad2\",\"type\":\"IMAGE\",\"property\":{\"size\":{\"width\":-2,\"height\":24},\"align\":[],\"image\":{\"path\":{\"reference\":\"deliveryBadge\"},\"size\":{\"width\":-2,\"height\":24}},\"margin\":{\"right\":8},\"gravity\":[],\"isFlexible\":false,\"horizontalScroll\":false},\"dataParts\":\"DELIVERY_BADGE\"},{\"__id\":\"533565a3-bc7b-4cb0-9a6d-52cfde911181\",\"type\":\"LABEL\",\"property\":{\"size\":{\"width\":-2,\"height\":-2},\"text\":{\"maxLines\":1,\"textItems\":[{\"bold\":true,\"size\":18,\"text\":{\"reference\":\"freeShipping\"},\"color\":{\"alpha\":1,\"value\":\"#768695\"},\"strikethrough\":false}],\"overrideSystemFont\":false},\"align\":[],\"margin\":{\"right\":8},\"gravity\":[],\"padding\":{\"top\":2},\"isFlexible\":false,\"horizontalScroll\":false},\"dataParts\":\"FREE_SHIPPING\"}],\"property\":{\"size\":{\"width\":-2,\"height\":-2},\"align\":[\"CENTER_VERTICAL\"],\"margin\":{\"bottom\":8},\"horizontalScroll\":false}},{\"__id\":\"1c01d06a-21c0-4957-af51-a10a5affb1d3\",\"type\":\"LABEL\",\"property\":{\"size\":{\"width\":-2,\"height\":-2},\"text\":{\"maxLines\":1,\"textItems\":{\"reference\":\"promisedDeliveryDateTextItems\"},\"overrideSize\":18,\"overrideSystemFont\":false},\"align\":[],\"margin\":{\"bottom\":6},\"gravity\":[],\"isFlexible\":false,\"horizontalScroll\":false},\"dataParts\":\"PROMISED_DELIVERY_DATE\"}],\"property\":{\"size\":{\"width\":-1,\"height\":-2},\"align\":[\"CENTER_VERTICAL\"],\"gravity\":[],\"isFlexible\":false,\"customAttribute\":{\"overflow\":\"hidden\"},\"horizontalScroll\":false}},{\"__id\":\"68677eb8-4520-4545-b662-0d5a204c5e10\",\"type\":\"LABEL\",\"items\":[],\"property\":{\"size\":{\"width\":-2,\"height\":-2},\"text\":{\"postfix\":\" 할인\",\"maxLines\":1,\"textItems\":[{\"bold\":true,\"size\":16,\"text\":{\"reference\":\"discountRate\"},\"color\":{\"alpha\":1,\"value\":\"#FFFFFF\"},\"strikethrough\":false,\"systemFontSize\":false}],\"overrideSystemFont\":false},\"align\":[],\"margin\":{\"bottom\":8},\"gravity\":[],\"padding\":{\"top\":3,\"left\":4,\"right\":4,\"bottom\":3},\"isFlexible\":false,\"cornerRadius\":{\"leftTop\":4,\"rightTop\":4,\"leftBottom\":4,\"rightBottom\":4},\"backgroundColor\":{\"alpha\":1,\"value\":\"#E12705\"},\"customAttribute\":{\"display\":\"flex !important\"},\"horizontalScroll\":false}},{\"__id\":\"8b6e75e7-fa72-4813-a92a-e2f35a5c03fc\",\"type\":\"H_STACK\",\"items\":[{\"__id\":\"1368b9fc-bdbc-458b-832d-172b1d06384c\",\"type\":\"STAR_RATING\",\"property\":{\"size\":{\"width\":-2,\"height\":-2},\"align\":[],\"margin\":{\"right\":6},\"gravity\":[],\"isFlexible\":false,\"starRating\":{\"style\":\"MEDIUM\",\"rating\":{\"reference\":\"starRating\"}},\"horizontalScroll\":false},\"dataParts\":\"STAR_RATING\"},{\"__id\":\"b29a0424-c1bc-4ccd-a0a8-3895cb98c7f0\",\"type\":\"LABEL\",\"property\":{\"size\":{\"width\":-2,\"height\":-2},\"text\":{\"prefix\":\"(\",\"postfix\":\")\",\"maxLines\":0,\"textItems\":[{\"bold\":false,\"size\":16,\"text\":{\"reference\":\"starRatingCount\"},\"color\":{\"alpha\":1,\"value\":\"#888888\"},\"strikethrough\":false}],\"overrideSize\":16,\"overrideSystemFont\":false},\"align\":[],\"gravity\":[\"CENTER_VERTICAL\"],\"isFlexible\":false,\"horizontalScroll\":false},\"dataParts\":\"STAR_RATING_COUNT\"}],\"property\":{\"size\":{\"width\":-2,\"height\":-2},\"align\":[\"CENTER_VERTICAL\"],\"gravity\":[],\"isFlexible\":false,\"horizontalScroll\":false}}],\"property\":{\"size\":{\"width\":-1,\"height\":-2},\"align\":[\"CENTER_VERTICAL\"],\"margin\":{\"right\":32},\"gravity\":[],\"isFlexible\":false,\"customAttribute\":{\"width\":\"auto !important\"},\"horizontalScroll\":false}},{\"__id\":\"d0cd478d-44da-427d-9111-80ac7a5f24d6\",\"type\":\"V_STACK\",\"items\":[{\"__id\":\"1ec36e73-0dd2-4e73-a17c-55a9b12b7315\",\"type\":\"IMAGE\",\"property\":{\"size\":{\"width\":56,\"height\":56},\"align\":[],\"image\":{\"path\":{\"reference\":\"iconCallToAction\"},\"size\":{\"width\":56,\"height\":56}},\"margin\":{\"top\":44,\"bottom\":18},\"gravity\":[],\"isFlexible\":false,\"horizontalScroll\":false},\"dataParts\":\"ICON_CALL_TO_ACTION\"},{\"__id\":\"cfa05185-38f2-442f-8684-3be5580e0c88\",\"type\":\"H_STACK\",\"items\":[{\"__id\":\"08e3b4fe-2798-4892-8073-8f71878c67f7\",\"type\":\"LABEL\",\"property\":{\"size\":{\"width\":-2,\"height\":-2},\"text\":{\"maxLines\":1,\"textItems\":[{\"bold\":false,\"size\":14,\"text\":\"광고\",\"color\":{\"alpha\":0.3,\"value\":\"#111111\"},\"strikethrough\":false}],\"overrideSystemFont\":false},\"align\":[],\"gravity\":[],\"padding\":{\"right\":2},\"isFlexible\":false,\"horizontalScroll\":false},\"dataParts\":\"CUSTOM_TEXT\"},{\"__id\":\"1947c0d6-a8fb-4ad8-8f11-08c47400d805\",\"type\":\"IMAGE\",\"property\":{\"size\":{\"width\":14,\"height\":14},\"align\":[],\"image\":{\"path\":\"https://image.coupangcdn.com/image/cmg/common/tooltip-icon@2x.png\",\"size\":{\"width\":14,\"height\":14}},\"margin\":{\"bottom\":1},\"gravity\":[],\"isFlexible\":false,\"horizontalScroll\":false},\"dataParts\":\"ICON_AD_MARKER_1\"}],\"property\":{\"size\":{\"width\":-2,\"height\":-2},\"align\":[\"CENTER_VERTICAL\"],\"horizontalScroll\":false}}],\"property\":{\"size\":{\"width\":-2,\"height\":144},\"align\":[\"CENTER_HORIZONTAL\"],\"margin\":{\"right\":42},\"gravity\":[],\"isFlexible\":false,\"horizontalScroll\":false}}],\"property\":{\"size\":{\"width\":-1,\"height\":-2},\"align\":[],\"gravity\":[],\"condition\":{\"op\":\"gte\",\"value\":{\"reference\":\"client:documentWidth\"},\"targetValue\":1025},\"isFlexible\":false,\"horizontalScroll\":false}},{\"__id\":\"1650e12d-3246-46f9-86fe-1cf010c53a48\",\"type\":\"H_STACK\",\"items\":[{\"__id\":\"6091b1f8-764b-4cc0-9319-418ee66fe863\",\"type\":\"H_STACK\",\"items\":[{\"__id\":\"12879976-4ff7-40a4-a4fa-6d5bc74cff9f\",\"type\":\"IMAGE\",\"property\":{\"size\":{\"width\":144,\"height\":144},\"align\":[],\"image\":{\"path\":{\"reference\":\"mainImage\"},\"size\":{\"width\":144,\"height\":144}},\"margin\":{\"right\":6},\"gravity\":[],\"isFlexible\":false,\"horizontalScroll\":false},\"dataParts\":\"MAIN_IMAGE\"}],\"property\":{\"size\":{\"width\":-2,\"height\":-2},\"align\":[],\"gravity\":[],\"isFlexible\":false,\"cornerRadius\":{\"leftTop\":8,\"rightTop\":8,\"leftBottom\":8,\"rightBottom\":8},\"customAttribute\":{\"overflow\":\"hidden\",\"min-width\":\"144px !important\"},\"horizontalScroll\":false}},{\"__id\":\"56ff7774-4d06-4928-8c37-c8cf2360c237\",\"type\":\"V_STACK\",\"items\":[{\"__id\":\"dd16f7ff-e3e2-4cd1-905d-64fd1d3a8220\",\"type\":\"LABEL\",\"property\":{\"size\":{\"width\":-1,\"height\":-2},\"text\":{\"maxLines\":2,\"textItems\":[{\"bold\":false,\"size\":20,\"text\":{\"reference\":\"productTitle\"},\"color\":{\"alpha\":1,\"value\":\"#111111\"},\"strikethrough\":false}],\"overrideSystemFont\":false},\"align\":[],\"margin\":{\"bottom\":6},\"gravity\":[],\"isFlexible\":false,\"horizontalScroll\":false},\"dataParts\":\"PRODUCT_TITLE\"},{\"__id\":\"07dd46f5-0c47-44ee-9cf5-2de1ea0e3665\",\"type\":\"H_STACK\",\"items\":[{\"__id\":\"820113a2-75b0-4c64-8560-0d724445d5d9\",\"type\":\"H_STACK\",\"items\":[{\"__id\":\"611381f8-69a1-4b58-bd55-f7f9ec2d908f\",\"type\":\"IMAGE\",\"property\":{\"size\":{\"width\":-2,\"height\":24},\"align\":[],\"image\":{\"path\":{\"reference\":\"deliveryBadge\"},\"size\":{\"width\":-2,\"height\":24}},\"margin\":{\"right\":8},\"gravity\":[],\"isFlexible\":false,\"horizontalScroll\":false},\"dataParts\":\"DELIVERY_BADGE\"},{\"__id\":\"bb2f6a67-a2f8-4023-bf1f-4da0e21cb6d9\",\"type\":\"LABEL\",\"property\":{\"size\":{\"width\":-2,\"height\":-2},\"text\":{\"maxLines\":1,\"textItems\":[{\"bold\":true,\"size\":18,\"text\":{\"reference\":\"freeShipping\"},\"color\":{\"alpha\":1,\"value\":\"#768695\"},\"strikethrough\":false}],\"overrideSystemFont\":false},\"align\":[],\"margin\":{\"right\":8},\"gravity\":[],\"padding\":{\"top\":2},\"isFlexible\":false,\"horizontalScroll\":false},\"dataParts\":\"FREE_SHIPPING\"}],\"property\":{\"size\":{\"width\":-2,\"height\":-2},\"align\":[\"CENTER_VERTICAL\"],\"margin\":{\"bottom\":8},\"horizontalScroll\":false}},{\"__id\":\"c38a29dc-8974-45ea-b013-9798e89bfe14\",\"type\":\"LABEL\",\"property\":{\"size\":{\"width\":-2,\"height\":-2},\"text\":{\"maxLines\":1,\"textItems\":{\"reference\":\"promisedDeliveryDateTextItems\"},\"overrideSize\":18,\"overrideSystemFont\":false},\"align\":[],\"margin\":{\"bottom\":6},\"gravity\":[],\"isFlexible\":false,\"horizontalScroll\":false},\"dataParts\":\"PROMISED_DELIVERY_DATE\"}],\"property\":{\"size\":{\"width\":-1,\"height\":-2},\"align\":[\"CENTER_VERTICAL\"],\"gravity\":[],\"isFlexible\":false,\"customAttribute\":{\"overflow\":\"hidden\"},\"horizontalScroll\":false}},{\"__id\":\"e55b3e0c-86ff-4e64-a55a-19267d672706\",\"type\":\"H_STACK\",\"items\":[{\"__id\":\"9e41a0e7-b9f3-4c26-8fe2-4358caa039c2\",\"type\":\"LABEL\",\"property\":{\"size\":{\"width\":-2,\"height\":-2},\"text\":{\"postfix\":\" 할인\",\"maxLines\":1,\"textItems\":[{\"bold\":true,\"size\":16,\"text\":{\"reference\":\"discountRate\"},\"color\":{\"alpha\":1,\"value\":\"#ffffff\"},\"strikethrough\":false}],\"overrideSystemFont\":false},\"align\":[],\"gravity\":[\"CENTER_VERTICAL\"],\"isFlexible\":false,\"customAttribute\":{\"display\":\"flex !important\"},\"horizontalScroll\":false},\"dataParts\":\"DISCOUNT_RATE\"}],\"property\":{\"size\":{\"width\":-2,\"height\":-2},\"align\":[\"CENTER_VERTICAL\"],\"margin\":{\"bottom\":8},\"gravity\":[],\"padding\":{\"top\":3,\"left\":4,\"right\":4,\"bottom\":3},\"isFlexible\":false,\"cornerRadius\":{\"leftTop\":4,\"rightTop\":4,\"leftBottom\":4,\"rightBottom\":4},\"backgroundColor\":{\"alpha\":1,\"value\":\"#e12705\"},\"horizontalScroll\":false},\"dataParts\":\"DISCOUNT_RATE\"},{\"__id\":\"420ebfde-972e-4857-b175-852444511b05\",\"type\":\"H_STACK\",\"items\":[{\"__id\":\"4beb6113-8b99-4d79-9c62-e5b761e1a162\",\"type\":\"STAR_RATING\",\"property\":{\"size\":{\"width\":-2,\"height\":-2},\"align\":[],\"margin\":{\"right\":6},\"gravity\":[],\"isFlexible\":false,\"starRating\":{\"style\":\"SMALL\",\"rating\":{\"reference\":\"starRating\"}},\"horizontalScroll\":false},\"dataParts\":\"STAR_RATING\"},{\"__id\":\"66440580-3652-47bd-944b-e5ed3abb3ad6\",\"type\":\"LABEL\",\"property\":{\"size\":{\"width\":-2,\"height\":-2},\"text\":{\"prefix\":\"(\",\"postfix\":\")\",\"maxLines\":0,\"textItems\":[{\"bold\":false,\"size\":16,\"text\":{\"reference\":\"starRatingCount\"},\"color\":{\"alpha\":1,\"value\":\"#888888\"},\"strikethrough\":false}],\"overrideSize\":16,\"overrideSystemFont\":false},\"align\":[],\"gravity\":[\"CENTER_VERTICAL\"],\"isFlexible\":false,\"horizontalScroll\":false},\"dataParts\":\"STAR_RATING_COUNT\"}],\"property\":{\"size\":{\"width\":-2,\"height\":-2},\"align\":[\"CENTER_VERTICAL\"],\"gravity\":[],\"isFlexible\":false,\"horizontalScroll\":false}}],\"property\":{\"size\":{\"width\":-1,\"height\":-2},\"align\":[\"CENTER_VERTICAL\"],\"gravity\":[],\"padding\":{\"left\":16,\"right\":16},\"isFlexible\":false,\"customAttribute\":{\"width\":\"auto !important\"},\"horizontalScroll\":false}},{\"__id\":\"fc937f33-bf9b-4e5a-8a16-99468eac014f\",\"type\":\"V_STACK\",\"items\":[{\"__id\":\"fa9b9879-7944-4d4f-b2e0-6190a2aa3a8c\",\"type\":\"IMAGE\",\"property\":{\"size\":{\"width\":56,\"height\":56},\"align\":[],\"image\":{\"path\":{\"reference\":\"iconCallToAction\"},\"size\":{\"width\":56,\"height\":56}},\"gravity\":[],\"isFlexible\":false,\"customAttribute\":{\"margin\":\"auto\"},\"horizontalScroll\":false},\"dataParts\":\"ICON_CALL_TO_ACTION\"},{\"__id\":\"7822f15b-8497-4a9c-b227-c316b43c6b01\",\"type\":\"H_STACK\",\"items\":[{\"__id\":\"78eb844a-898b-4183-9523-eadf8aa52836\",\"type\":\"LABEL\",\"property\":{\"size\":{\"width\":-2,\"height\":-2},\"text\":{\"maxLines\":1,\"textItems\":[{\"bold\":false,\"size\":14,\"text\":\"광고\",\"color\":{\"alpha\":0.3,\"value\":\"#111111\"},\"strikethrough\":false}],\"overrideSystemFont\":false},\"align\":[],\"gravity\":[],\"padding\":{\"right\":2},\"isFlexible\":false,\"horizontalScroll\":false},\"dataParts\":\"CUSTOM_TEXT\"},{\"__id\":\"eba02ffd-44d7-45a1-95b1-60c05a7dc4fe\",\"type\":\"IMAGE\",\"property\":{\"size\":{\"width\":14,\"height\":14},\"align\":[],\"image\":{\"path\":\"https://image.coupangcdn.com/image/cmg/common/tooltip-icon@2x.png\",\"size\":{\"width\":14,\"height\":14}},\"margin\":{\"bottom\":1},\"gravity\":[],\"isFlexible\":false,\"horizontalScroll\":false},\"dataParts\":\"ICON_AD_MARKER_1\"}],\"property\":{\"size\":{\"width\":-2,\"height\":-2},\"align\":[\"CENTER_VERTICAL\"],\"gravity\":[],\"isFlexible\":false,\"horizontalScroll\":false}}],\"property\":{\"size\":{\"width\":-2,\"height\":144},\"align\":[\"CENTER_HORIZONTAL\"],\"gravity\":[],\"isFlexible\":false,\"horizontalScroll\":false}}],\"property\":{\"size\":{\"width\":-1,\"height\":-2},\"align\":[],\"gravity\":[],\"condition\":{\"op\":\"and\",\"expressions\":[{\"op\":\"gte\",\"value\":{\"reference\":\"client:documentWidth\"},\"targetValue\":768},{\"op\":\"lt\",\"value\":{\"reference\":\"client:documentWidth\"},\"targetValue\":1025}]},\"isFlexible\":false,\"horizontalScroll\":false}},{\"__id\":\"b224fe3f-dd3b-4224-b1db-eed1eaed56cb\",\"type\":\"H_STACK\",\"items\":[{\"__id\":\"e41d52d5-00be-402d-830e-0924278e35dd\",\"type\":\"H_STACK\",\"items\":[{\"__id\":\"c71a20e6-9387-41f7-b45b-aaa31cb4a5e0\",\"type\":\"IMAGE\",\"property\":{\"size\":{\"width\":144,\"height\":144},\"align\":[],\"image\":{\"path\":{\"reference\":\"mainImage\"},\"size\":{\"width\":144,\"height\":144}},\"margin\":{\"right\":6},\"gravity\":[],\"isFlexible\":false,\"horizontalScroll\":false},\"dataParts\":\"MAIN_IMAGE\"}],\"property\":{\"size\":{\"width\":-2,\"height\":-2},\"align\":[],\"gravity\":[],\"isFlexible\":false,\"cornerRadius\":{\"leftTop\":8,\"rightTop\":8,\"leftBottom\":8,\"rightBottom\":8},\"customAttribute\":{\"overflow\":\"hidden\",\"min-width\":\"144px !important\"},\"horizontalScroll\":false}},{\"__id\":\"3068b2f1-4aa7-4ee2-aa36-8c460f325dd6\",\"type\":\"V_STACK\",\"items\":[{\"__id\":\"dee6da3f-d2be-49ba-b07c-67724af2a03e\",\"type\":\"LABEL\",\"property\":{\"size\":{\"width\":-1,\"height\":-2},\"text\":{\"maxLines\":2,\"textItems\":[{\"bold\":false,\"size\":16,\"text\":{\"reference\":\"productTitle\"},\"color\":{\"alpha\":1,\"value\":\"#111111\"},\"strikethrough\":false}],\"overrideSystemFont\":false},\"align\":[],\"margin\":{\"bottom\":6},\"gravity\":[],\"isFlexible\":false,\"horizontalScroll\":false},\"dataParts\":\"PRODUCT_TITLE\"},{\"__id\":\"d26144d4-8ef3-416b-9af0-6b6a1aa54088\",\"type\":\"H_STACK\",\"items\":[{\"__id\":\"c89d9160-2469-4fe4-9026-1f02fe1303c7\",\"type\":\"H_STACK\",\"items\":[{\"__id\":\"a7be7c1b-79ba-4138-be02-8f1f8049f112\",\"type\":\"IMAGE\",\"property\":{\"size\":{\"width\":-2,\"height\":24},\"align\":[],\"image\":{\"path\":{\"reference\":\"deliveryBadge\"},\"size\":{\"width\":-2,\"height\":24}},\"margin\":{\"right\":8},\"gravity\":[],\"isFlexible\":false,\"horizontalScroll\":false},\"dataParts\":\"DELIVERY_BADGE\"},{\"__id\":\"94b9d213-b9e7-4d59-985e-557e7d5b1062\",\"type\":\"LABEL\",\"property\":{\"size\":{\"width\":-2,\"height\":-2},\"text\":{\"maxLines\":1,\"textItems\":[{\"bold\":true,\"size\":18,\"text\":{\"reference\":\"freeShipping\"},\"color\":{\"alpha\":1,\"value\":\"#768695\"},\"strikethrough\":false}],\"overrideSystemFont\":false},\"align\":[],\"margin\":{\"right\":8},\"gravity\":[],\"padding\":{\"top\":2},\"isFlexible\":false,\"horizontalScroll\":false},\"dataParts\":\"FREE_SHIPPING\"}],\"property\":{\"size\":{\"width\":-2,\"height\":-2},\"align\":[\"CENTER_VERTICAL\"],\"margin\":{\"bottom\":8},\"gravity\":[],\"isFlexible\":true,\"horizontalScroll\":false}},{\"__id\":\"6412b819-6d00-4b4c-abd5-dd45c418b3df\",\"type\":\"LABEL\",\"property\":{\"size\":{\"width\":-2,\"height\":-2},\"text\":{\"maxLines\":1,\"textItems\":{\"reference\":\"promisedDeliveryDateTextItems\"},\"overrideSize\":18,\"overrideSystemFont\":false},\"align\":[],\"margin\":{\"bottom\":6},\"gravity\":[],\"isFlexible\":false,\"horizontalScroll\":false},\"dataParts\":\"PROMISED_DELIVERY_DATE\"}],\"property\":{\"size\":{\"width\":-1,\"height\":-2},\"align\":[\"CENTER_VERTICAL\"],\"gravity\":[],\"isFlexible\":true,\"customAttribute\":{\"overflow\":\"hidden\"},\"horizontalScroll\":false}},{\"__id\":\"3d7752cc-7037-4cd8-919a-1559d25894ce\",\"type\":\"H_STACK\",\"items\":[{\"__id\":\"a2c25b91-d3f0-4287-b54c-df92f7cc87e9\",\"type\":\"LABEL\",\"property\":{\"size\":{\"width\":-2,\"height\":-2},\"text\":{\"postfix\":\" 할인\",\"maxLines\":1,\"textItems\":[{\"bold\":true,\"size\":16,\"text\":{\"reference\":\"discountRate\"},\"color\":{\"alpha\":1,\"value\":\"#ffffff\"},\"strikethrough\":false}],\"overrideSystemFont\":false},\"align\":[],\"gravity\":[\"CENTER_VERTICAL\"],\"isFlexible\":false,\"customAttribute\":{\"display\":\"flex !important\"},\"horizontalScroll\":false},\"dataParts\":\"DISCOUNT_RATE\"}],\"property\":{\"size\":{\"width\":-2,\"height\":-2},\"align\":[\"CENTER_VERTICAL\"],\"margin\":{\"bottom\":8},\"gravity\":[],\"padding\":{\"top\":3,\"left\":4,\"right\":4,\"bottom\":3},\"isFlexible\":false,\"cornerRadius\":{\"leftTop\":4,\"rightTop\":4,\"leftBottom\":4,\"rightBottom\":4},\"backgroundColor\":{\"alpha\":1,\"value\":\"#e12705\"},\"horizontalScroll\":false},\"dataParts\":\"DISCOUNT_RATE\"},{\"__id\":\"3def897f-d0a9-4b0d-8175-e5ced58b385b\",\"type\":\"H_STACK\",\"items\":[{\"__id\":\"2e142fcb-8b42-496b-90fa-4065cde42cdb\",\"type\":\"STAR_RATING\",\"property\":{\"size\":{\"width\":-2,\"height\":-2},\"align\":[],\"margin\":{\"right\":6},\"gravity\":[],\"isFlexible\":false,\"starRating\":{\"style\":\"SMALL\",\"rating\":{\"reference\":\"starRating\"}},\"horizontalScroll\":false},\"dataParts\":\"STAR_RATING\"},{\"__id\":\"cd08a3b7-6f79-483c-ae4e-46d4b5b3ae8a\",\"type\":\"LABEL\",\"property\":{\"size\":{\"width\":-2,\"height\":-2},\"text\":{\"prefix\":\"(\",\"postfix\":\")\",\"maxLines\":0,\"textItems\":[{\"bold\":false,\"size\":16,\"text\":{\"reference\":\"starRatingCount\"},\"color\":{\"alpha\":1,\"value\":\"#888888\"},\"strikethrough\":false}],\"overrideSize\":16,\"overrideSystemFont\":false},\"align\":[],\"gravity\":[\"CENTER_VERTICAL\"],\"isFlexible\":false,\"horizontalScroll\":false},\"dataParts\":\"STAR_RATING_COUNT\"}],\"property\":{\"size\":{\"width\":-2,\"height\":-2},\"align\":[\"CENTER_VERTICAL\"],\"gravity\":[],\"isFlexible\":false,\"horizontalScroll\":false}}],\"property\":{\"size\":{\"width\":-1,\"height\":-2},\"align\":[\"CENTER_VERTICAL\"],\"gravity\":[],\"padding\":{\"left\":16,\"right\":16},\"isFlexible\":false,\"customAttribute\":{\"width\":\"auto !important\"},\"horizontalScroll\":false}},{\"__id\":\"47956b01-1cae-4a35-bf84-def6bd97a563\",\"type\":\"V_STACK\",\"items\":[{\"__id\":\"5a513c1e-c4b8-476e-b7d9-15cf204571ee\",\"type\":\"IMAGE\",\"property\":{\"size\":{\"width\":40,\"height\":40},\"align\":[],\"image\":{\"path\":{\"reference\":\"iconCallToAction\"},\"size\":{\"width\":56,\"height\":56}},\"gravity\":[],\"isFlexible\":false,\"customAttribute\":{\"margin\":\"auto\"},\"horizontalScroll\":false},\"dataParts\":\"ICON_CALL_TO_ACTION\"},{\"__id\":\"c2c02c3d-b02c-4e67-b1b7-4364349d63ab\",\"type\":\"H_STACK\",\"items\":[{\"__id\":\"e7fcc435-db18-4934-96e3-8c0a081a4a9b\",\"type\":\"LABEL\",\"property\":{\"size\":{\"width\":-2,\"height\":-2},\"text\":{\"maxLines\":1,\"textItems\":[{\"bold\":false,\"size\":14,\"text\":\"광고\",\"color\":{\"alpha\":0.3,\"value\":\"#111111\"},\"strikethrough\":false}],\"overrideSystemFont\":false},\"align\":[],\"gravity\":[],\"padding\":{\"right\":2},\"isFlexible\":false,\"horizontalScroll\":false},\"dataParts\":\"CUSTOM_TEXT\"},{\"__id\":\"dce06607-3643-48de-bad6-ffbb00fcd5b2\",\"type\":\"IMAGE\",\"property\":{\"size\":{\"width\":14,\"height\":14},\"align\":[],\"image\":{\"path\":\"https://image.coupangcdn.com/image/cmg/common/tooltip-icon@2x.png\",\"size\":{\"width\":14,\"height\":14}},\"margin\":{\"bottom\":1},\"gravity\":[],\"isFlexible\":false,\"horizontalScroll\":false},\"dataParts\":\"ICON_AD_MARKER_1\"}],\"property\":{\"size\":{\"width\":-2,\"height\":-2},\"align\":[\"CENTER_VERTICAL\"],\"gravity\":[],\"isFlexible\":false,\"horizontalScroll\":false}}],\"property\":{\"size\":{\"width\":-2,\"height\":-1},\"align\":[\"CENTER_VERTICAL\"],\"gravity\":[\"CENTER_VERTICAL\"],\"isFlexible\":false,\"horizontalScroll\":false}}],\"property\":{\"size\":{\"width\":-1,\"height\":-2},\"align\":[],\"gravity\":[],\"condition\":{\"op\":\"and\",\"expressions\":[{\"op\":\"gte\",\"value\":{\"reference\":\"client:documentWidth\"},\"targetValue\":601},{\"op\":\"lt\",\"value\":{\"reference\":\"client:documentWidth\"},\"targetValue\":768}]},\"isFlexible\":false,\"horizontalScroll\":false}},{\"__id\":\"10456497-9c08-4837-bd92-7f1329a2ba24\",\"type\":\"H_STACK\",\"items\":[{\"__id\":\"d3c5253c-e8d7-45b7-95a9-295a0d283774\",\"type\":\"H_STACK\",\"items\":[{\"__id\":\"ee8179c7-ff38-404f-82cf-991405b17aab\",\"type\":\"IMAGE\",\"property\":{\"size\":{\"width\":144,\"height\":144},\"align\":[],\"image\":{\"path\":{\"reference\":\"mainImage\"},\"size\":{\"width\":144,\"height\":144}},\"margin\":{\"right\":6},\"gravity\":[],\"isFlexible\":false,\"horizontalScroll\":false},\"dataParts\":\"MAIN_IMAGE\"}],\"property\":{\"size\":{\"width\":-2,\"height\":-2},\"align\":[],\"gravity\":[],\"isFlexible\":false,\"cornerRadius\":{\"leftTop\":8,\"rightTop\":8,\"leftBottom\":8,\"rightBottom\":8},\"customAttribute\":{\"overflow\":\"hidden\",\"min-width\":\"144px !important\"},\"horizontalScroll\":false}},{\"__id\":\"324ae118-3746-4e67-930e-9c77981a346d\",\"type\":\"V_STACK\",\"items\":[{\"__id\":\"0908946e-b815-483b-9f83-0752fda1f284\",\"type\":\"LABEL\",\"property\":{\"size\":{\"width\":-1,\"height\":-2},\"text\":{\"maxLines\":2,\"textItems\":[{\"bold\":false,\"size\":16,\"text\":{\"reference\":\"productTitle\"},\"color\":{\"alpha\":1,\"value\":\"#111111\"},\"strikethrough\":false}],\"overrideSystemFont\":false},\"align\":[],\"margin\":{\"bottom\":6},\"gravity\":[],\"isFlexible\":false,\"horizontalScroll\":false},\"dataParts\":\"PRODUCT_TITLE\"},{\"__id\":\"96c517f9-bf63-4012-9bb8-0eb5fec69fa7\",\"type\":\"H_STACK\",\"items\":[{\"__id\":\"479dd3f1-d9d9-4944-a8f4-827631093612\",\"type\":\"H_STACK\",\"items\":[{\"__id\":\"ca20df56-f528-4eb3-9c07-81ad30d07364\",\"type\":\"IMAGE\",\"property\":{\"size\":{\"width\":-2,\"height\":24},\"align\":[],\"image\":{\"path\":{\"reference\":\"deliveryBadge\"},\"size\":{\"width\":-2,\"height\":24}},\"margin\":{\"right\":8},\"gravity\":[],\"isFlexible\":false,\"horizontalScroll\":false},\"dataParts\":\"DELIVERY_BADGE\"},{\"__id\":\"7aa5b0e5-59ad-43bc-bcc7-633a9f4a824b\",\"type\":\"LABEL\",\"property\":{\"size\":{\"width\":-2,\"height\":-2},\"text\":{\"maxLines\":1,\"textItems\":[{\"bold\":true,\"size\":18,\"text\":{\"reference\":\"freeShipping\"},\"color\":{\"alpha\":1,\"value\":\"#768695\"},\"strikethrough\":false}],\"overrideSystemFont\":false},\"align\":[],\"margin\":{\"right\":8},\"gravity\":[],\"padding\":{\"top\":2},\"isFlexible\":false,\"horizontalScroll\":false},\"dataParts\":\"FREE_SHIPPING\"}],\"property\":{\"size\":{\"width\":-2,\"height\":-2},\"align\":[\"CENTER_VERTICAL\"],\"margin\":{\"bottom\":8},\"gravity\":[],\"isFlexible\":true,\"horizontalScroll\":false}},{\"__id\":\"40212f46-ce0c-4c77-a0f7-2da218c5b8af\",\"type\":\"LABEL\",\"property\":{\"size\":{\"width\":-2,\"height\":-2},\"text\":{\"maxLines\":1,\"textItems\":{\"reference\":\"promisedDeliveryDateTextItems\"},\"overrideSize\":18,\"overrideSystemFont\":false},\"align\":[],\"margin\":{\"bottom\":6},\"gravity\":[],\"isFlexible\":false,\"horizontalScroll\":false},\"dataParts\":\"PROMISED_DELIVERY_DATE\"}],\"property\":{\"size\":{\"width\":-1,\"height\":-2},\"align\":[\"CENTER_VERTICAL\"],\"gravity\":[],\"isFlexible\":true,\"customAttribute\":{\"overflow\":\"hidden\"},\"horizontalScroll\":false}},{\"__id\":\"dd9a19c8-ca75-4726-b29d-1eb6aa9ced0b\",\"type\":\"H_STACK\",\"items\":[{\"__id\":\"f167db19-f800-4e0b-ade4-e000b906eed1\",\"type\":\"LABEL\",\"property\":{\"size\":{\"width\":-2,\"height\":-2},\"text\":{\"postfix\":\" 할인\",\"maxLines\":1,\"textItems\":[{\"bold\":true,\"size\":16,\"text\":{\"reference\":\"discountRate\"},\"color\":{\"alpha\":1,\"value\":\"#ffffff\"},\"strikethrough\":false}],\"overrideSystemFont\":false},\"align\":[],\"gravity\":[\"CENTER_VERTICAL\"],\"isFlexible\":false,\"customAttribute\":{\"display\":\"flex !important\"},\"horizontalScroll\":false},\"dataParts\":\"DISCOUNT_RATE\"}],\"property\":{\"size\":{\"width\":-2,\"height\":-2},\"align\":[\"CENTER_VERTICAL\"],\"margin\":{\"bottom\":8},\"gravity\":[],\"padding\":{\"top\":3,\"left\":4,\"right\":4,\"bottom\":3},\"isFlexible\":false,\"cornerRadius\":{\"leftTop\":4,\"rightTop\":4,\"leftBottom\":4,\"rightBottom\":4},\"backgroundColor\":{\"alpha\":1,\"value\":\"#e12705\"},\"horizontalScroll\":false},\"dataParts\":\"DISCOUNT_RATE\"},{\"__id\":\"0b9cefb0-2b7e-408f-9341-1525547f8538\",\"type\":\"H_STACK\",\"items\":[{\"__id\":\"23a4a72d-bb28-4020-a8d3-5239eb106d93\",\"type\":\"STAR_RATING\",\"property\":{\"size\":{\"width\":-2,\"height\":-2},\"align\":[],\"margin\":{\"right\":6},\"gravity\":[],\"isFlexible\":false,\"starRating\":{\"style\":\"SMALL\",\"rating\":{\"reference\":\"starRating\"}},\"horizontalScroll\":false},\"dataParts\":\"STAR_RATING\"},{\"__id\":\"08a66c41-473c-43b2-a876-def6eab49bcb\",\"type\":\"LABEL\",\"property\":{\"size\":{\"width\":-2,\"height\":-2},\"text\":{\"prefix\":\"(\",\"postfix\":\")\",\"maxLines\":0,\"textItems\":[{\"bold\":false,\"size\":16,\"text\":{\"reference\":\"starRatingCount\"},\"color\":{\"alpha\":1,\"value\":\"#888888\"},\"strikethrough\":false}],\"overrideSize\":16,\"overrideSystemFont\":false},\"align\":[],\"gravity\":[\"CENTER_VERTICAL\"],\"isFlexible\":false,\"horizontalScroll\":false},\"dataParts\":\"STAR_RATING_COUNT\"}],\"property\":{\"size\":{\"width\":-2,\"height\":-2},\"align\":[\"CENTER_VERTICAL\"],\"gravity\":[],\"isFlexible\":false,\"horizontalScroll\":false}}],\"property\":{\"size\":{\"width\":-1,\"height\":-2},\"align\":[\"CENTER_VERTICAL\"],\"gravity\":[\"CENTER_VERTICAL\"],\"padding\":{\"left\":16,\"right\":16},\"isFlexible\":false,\"customAttribute\":{\"width\":\"auto !important\"},\"horizontalScroll\":false}},{\"__id\":\"ccaaa315-53d6-47ee-9ffa-332d30fac700\",\"type\":\"V_STACK\",\"items\":[{\"__id\":\"58214c0f-8812-4bbc-a7ed-751b63b067f5\",\"type\":\"IMAGE\",\"property\":{\"size\":{\"width\":40,\"height\":40},\"align\":[],\"image\":{\"path\":{\"reference\":\"iconCallToAction\"},\"size\":{\"width\":56,\"height\":56}},\"gravity\":[],\"isFlexible\":false,\"customAttribute\":{\"margin\":\"auto\"},\"horizontalScroll\":false},\"dataParts\":\"ICON_CALL_TO_ACTION\"},{\"__id\":\"342372c2-edeb-49c0-b7d6-794dbb7055a9\",\"type\":\"H_STACK\",\"items\":[{\"__id\":\"a1c07bdf-b882-466e-ba20-8be741eff5cb\",\"type\":\"LABEL\",\"property\":{\"size\":{\"width\":-2,\"height\":-2},\"text\":{\"maxLines\":1,\"textItems\":[{\"bold\":false,\"size\":14,\"text\":\"광고\",\"color\":{\"alpha\":0.3,\"value\":\"#111111\"},\"strikethrough\":false}],\"overrideSystemFont\":false},\"align\":[],\"gravity\":[],\"padding\":{\"right\":2},\"isFlexible\":false,\"horizontalScroll\":false},\"dataParts\":\"CUSTOM_TEXT\"},{\"__id\":\"c4c4b246-f63b-413c-b318-449209f2bcd1\",\"type\":\"IMAGE\",\"property\":{\"size\":{\"width\":14,\"height\":14},\"align\":[],\"image\":{\"path\":\"https://image.coupangcdn.com/image/cmg/common/tooltip-icon@2x.png\",\"size\":{\"width\":14,\"height\":14}},\"margin\":{\"bottom\":1},\"gravity\":[],\"isFlexible\":false,\"horizontalScroll\":false},\"dataParts\":\"ICON_AD_MARKER_1\"}],\"property\":{\"size\":{\"width\":-2,\"height\":-2},\"align\":[\"CENTER_VERTICAL\"],\"gravity\":[],\"isFlexible\":false,\"horizontalScroll\":false}}],\"property\":{\"size\":{\"width\":-2,\"height\":-1},\"align\":[\"CENTER_VERTICAL\"],\"gravity\":[\"CENTER_VERTICAL\"],\"isFlexible\":false,\"horizontalScroll\":false}}],\"property\":{\"size\":{\"width\":-1,\"height\":-2},\"align\":[],\"gravity\":[],\"condition\":{\"op\":\"lt\",\"value\":{\"reference\":\"client:documentWidth\"},\"expressions\":[],\"targetValue\":601},\"isFlexible\":false,\"horizontalScroll\":false}}],\"logging\":{\"reference\":\"logging\"},\"_summary\":{\"references\":[\"discountRate\",\"productTitle\",\"promisedDeliveryDateTextItems\",\"mainImage\",\"freeShipping\",\"iconCallToAction\",\"actionMoveSdpDetailOverrideActionType\",\"starRatingCount\",\"logging\",\"starRating\",\"deliveryBadge\",\"actionMoveSdpDetail\",\"detailImage\"],\"referencesV2\":[{\"payload\":{},\"reference\":\"productTitle\",\"referenceName\":\"productTitle\"},{\"payload\":{},\"reference\":\"actionMoveSdpDetailOverrideActionType\",\"referenceName\":\"actionMoveSdpDetailOverrideActionType\"},{\"payload\":{\"index\":0},\"reference\":\"detailImage\",\"referenceName\":\"detailImage\"},{\"payload\":{},\"reference\":\"deliveryBadge\",\"referenceName\":\"deliveryBadge\"},{\"payload\":{},\"reference\":\"starRatingCount\",\"referenceName\":\"starRatingCount\"},{\"payload\":{},\"reference\":\"freeShipping\",\"referenceName\":\"freeShipping\"},{\"payload\":{},\"reference\":\"promisedDeliveryDateTextItems\",\"referenceName\":\"promisedDeliveryDateTextItems\"},{\"payload\":{},\"reference\":\"starRating\",\"referenceName\":\"starRating\"},{\"payload\":{},\"reference\":\"mainImage\",\"referenceName\":\"mainImage\"},{\"payload\":{},\"reference\":\"iconCallToAction\",\"referenceName\":\"iconCallToAction\"},{\"payload\":{},\"reference\":\"actionMoveSdpDetail\",\"referenceName\":\"actionMoveSdpDetail\"},{\"payload\":{},\"reference\":\"logging\",\"referenceName\":\"logging\"},{\"payload\":{},\"reference\":\"discountRate\",\"referenceName\":\"discountRate\"}],\"unresolvedReferences\":[\"client:documentWidth\"],\"unresolvedReferencesV2\":[{\"payload\":{},\"referenceName\":\"client:documentWidth\"}]},\"property\":{\"size\":{\"width\":-1,\"height\":-2},\"align\":[],\"action\":{\"data\":{\"reference\":\"actionMoveSdpDetail\"},\"type\":{\"reference\":\"actionMoveSdpDetailOverrideActionType\"}},\"border\":{\"color\":{\"alpha\":1,\"value\":\"#eeeeee\"},\"width\":1},\"gravity\":[],\"padding\":{\"top\":8,\"left\":8,\"right\":8,\"bottom\":8},\"isFlexible\":false,\"cornerRadius\":{\"leftTop\":12,\"rightTop\":12,\"leftBottom\":12,\"rightBottom\":12},\"backgroundColor\":{\"alpha\":1,\"value\":\"#ffffff\"},\"horizontalScroll\":false}},\"variableFacade\":{\"logging\":{\"adLog\":{\"clickLogUri\":\"https://mercury.coupang.com/e.gif?r=752ec8d0-c5dd-11f0-a1d5-98b7952ed123%7E3\u0026korePlacement=19\u0026templateId=5453\",\"eventId\":\"752ec8d0-c5dd-11f0-a1d5-98b7952ed123\",\"impressionLogUri\":\"https://mercury.coupang.com/e.gif?r=752ec8d0-c5dd-11f0-a1d5-98b7952ed123%7E1\u0026korePlacement=19\u0026templateId=5453\",\"skipViewImpression\":\"\",\"viewImpression\":\"https://mercury.coupang.com/e.gif?r=752ec8d0-c5dd-11f0-a1d5-98b7952ed123%7E2\u0026korePlacement=19\u0026templateId=5453\"},\"bypass\":{\"clickReferrer\":\"\",\"clickSchemas\":[{\"extra\":{},\"id\":\"1336\",\"mandatory\":{\"logType\":\"click\",\"eventId\":\"752ec8d0-c5dd-11f0-a1d5-98b7952ed123\",\"rawBeacon\":\"https://mercury.coupang.com/e.gif?r=752ec8d0-c5dd-11f0-a1d5-98b7952ed123%7E3\u0026korePlacement=19\u0026templateId=5453\",\"productId\":\"7257246284\",\"originalPrice\":17900,\"vendorItemId\":\"85615809107\",\"channel\":\"unknown\",\"adProductPosition\":\"\",\"templateId\":5453,\"pageName\":\"srp\",\"q\":\"유산균\",\"itemId\":\"18475867677\",\"uxDesignAbGroupName\":\"\",\"searchId\":\"1a76afe61280463\",\"domain\":\"srp\",\"eventName\":\"attr_srp_top_banner_ads\",\"logCategory\":\"event\",\"contentType\":\"SRP\",\"targetUrl\":\"https://www.coupang.com/vp/products/7257246284?itemId=18475867677\u0026vendorItemId=85615809107\u0026sourceType=srp_top_banner_ads\u0026clickEventId=752ec8d0-c5dd-11f0-a1d5-98b7952ed123\u0026korePlacement=19\u0026templateId=5453\"},\"version\":\"6\"}],\"clicks\":[],\"exposureSchema\":{\"extra\":{},\"id\":\"1335\",\"mandatory\":{\"logType\":\"impression\",\"productId\":\"7257246284\",\"originalPrice\":17900,\"vendorItemId\":\"85615809107\",\"channel\":\"unknown\",\"adProductPosition\":\"\",\"templateId\":5453,\"pageName\":\"srp\",\"q\":\"유산균\",\"itemId\":\"18475867677\",\"uxDesignAbGroupName\":\"\",\"searchId\":\"1a76afe61280463\",\"domain\":\"srp\",\"eventName\":\"attr_srp_top_banner_ads\",\"logCategory\":\"impression\",\"contentType\":\"SRP\",\"targetUrl\":\"https://www.coupang.com/vp/products/7257246284?itemId=18475867677\u0026vendorItemId=85615809107\u0026sourceType=srp_top_banner_ads\u0026clickEventId=752ec8d0-c5dd-11f0-a1d5-98b7952ed123\u0026korePlacement=19\u0026templateId=5453\"},\"version\":\"7\"},\"impressionSchemas\":[]},\"sourceType\":\"srp_top_banner_ads\"},\"variableMap\":{\"productTitle\":\"비오비타 패밀리 미니정제 유산균, 84정, 1개\",\"promisedDeliveryDateTextItems\":[{\"text\":\"내일(금) \",\"bold\":false,\"color\":{\"value\":\"#008C00\",\"alpha\":1},\"size\":14,\"strikethrough\":false,\"maxFontScale\":2},{\"text\":\"도착 보장\",\"bold\":false,\"color\":{\"value\":\"#008C00\",\"alpha\":1},\"size\":14,\"strikethrough\":false,\"maxFontScale\":2}],\"mainImage\":\"https://thumbnail4.coupangcdn.com/thumbnails/remote/292x292q65ex/image/vendor_inventory/57cf/3294899bc221169ce7183bcdff2e751945142cd64c2ae17ec263e82607f7.jpg\",\"freeShipping\":\"\",\"sortType\":\"SOLDOUT\",\"iconCallToAction\":\"http://image10.coupangcdn.com/image/cmg/srp/topBanner/android/cta_arrow_xxxhdpi.png\",\"starRatingCount\":\"834\",\"actionMoveSdpDetailOverrideActionType\":\"MOVE_PAGE\",\"starRating\":5,\"actionMoveSdpDetail\":\"https://www.coupang.com/vp/products/7257246284?itemId=18475867677\u0026vendorItemId=85615809107\u0026sourceType=srp_top_banner_ads\",\"deliveryBadge\":\"http://image2.coupangcdn.com/image/coupang/rds/logo/xxxhdpi/logo_rocket_medium.png\",\"detailImage\":\"https://thumbnail4.coupangcdn.com/thumbnails/remote/292x292q65ex/image/rs_quotation_api/ik5vxbvk/7544041101ac425c93126423f94d5628.jpg\"}},\"ver\":\"V1\"}},\"keywordTopBanner\":{\"type\":\"ADZERK_KEYWORD\",\"imageUrl\":\"https://static.coupangcdn.com/wa/cmg_paperboy/image/1762149181620/S4PC.jpg\",\"linkUrl\":\"https://shop.coupang.com/A00575434/464562?source=brandstore_display_ads\u0026adType=DA\u0026eventId=wofV9ee0h7VQnW43\",\"image\":{\"width\":1050,\"margin\":0,\"imageUrl\":\"https://static.coupangcdn.com/wa/cmg_paperboy/image/1762149181620/S4PC.jpg\",\"id\":\"11630079\",\"height\":120},\"adzerkLogDto\":{\"clickLogUri\":\"https://mercury.coupang.com/e.gif?r=ChB3b2ZWOWVlMGg3VlFuVzQzEgwxMTUuOTQuMS4yMTEY7JikgKozIBIqLDBNdHBIY3BoSDhYai95bGtvQmZBa3hzeGdDbWFVQU50RkdJeGFseDlNU3M9MgRGTEFUQhcxNzYzNjIxNTMxMjU1NDc2MjIzMzA4MlD%2F68UFWgVjbGlja3IJ7Jyg7IKw6regegNXRUKKAQRtYXJzkAHriQuYAbUaoAH%2F68UFsAGA5QjCARAxSXU5YUVmaWFTQUs3ekZ1\u0026t=1\",\"impressionLogUri\":\"https://mercury.coupang.com/e.gif?r=ChB3b2ZWOWVlMGg3VlFuVzQzEgwxMTUuOTQuMS4yMTEY7JikgKozIBIqLDBNdHBIY3BoSDhYai95bGtvQmZBa3hzeGdDbWFVQU50RkdJeGFseDlNU3M9MgRGTEFUQhcxNzYzNjIxNTMxMjU1NDc2MjIzMzA4MlD%2F68UFWgppbXByZXNzaW9ucgnsnKDsgrDqt6B6A1dFQooBBG1hcnOQAeuJC5gBtRqgAf%2FrxQWwAYDlCMIBEDFJdTlhRWZpYVNBSzd6RnU%3D\u0026t=2\",\"viewImpression\":\"https://mercury.coupang.com/e.gif?r=ChB3b2ZWOWVlMGg3VlFuVzQzEgwxMTUuOTQuMS4yMTEY7JikgKozIBIqLDBNdHBIY3BoSDhYai95bGtvQmZBa3hzeGdDbWFVQU50RkdJeGFseDlNU3M9MgRGTEFUQhcxNzYzNjIxNTMxMjU1NDc2MjIzMzA4MlD%2F68UFWgR2aWV3cgnsnKDsgrDqt6B6A1dFQooBBG1hcnOQAeuJC5gBtRqgAf%2FrxQWwAYDlCMIBEDFJdTlhRWZpYVNBSzd6RnU%3D\u0026t=3\",\"eventId\":\"wofV9ee0h7VQnW43\",\"feedsId\":\"\"},\"bannerId\":\"11630079\",\"adId\":\"11630079\",\"trCid\":\"11630079\"},\"keywordTopBannerList\":[{\"type\":\"ADZERK_KEYWORD\",\"imageUrl\":\"https://static.coupangcdn.com/wa/cmg_paperboy/image/1762149181620/S4PC.jpg\",\"linkUrl\":\"https://shop.coupang.com/A00575434/464562?source=brandstore_display_ads\u0026adType=DA\u0026eventId=wofV9ee0h7VQnW43\",\"image\":{\"width\":1050,\"margin\":0,\"imageUrl\":\"https://static.coupangcdn.com/wa/cmg_paperboy/image/1762149181620/S4PC.jpg\",\"id\":\"11630079\",\"height\":120},\"adzerkLogDto\":{\"clickLogUri\":\"https://mercury.coupang.com/e.gif?r=ChB3b2ZWOWVlMGg3VlFuVzQzEgwxMTUuOTQuMS4yMTEY7JikgKozIBIqLDBNdHBIY3BoSDhYai95bGtvQmZBa3hzeGdDbWFVQU50RkdJeGFseDlNU3M9MgRGTEFUQhcxNzYzNjIxNTMxMjU1NDc2MjIzMzA4MlD%2F68UFWgVjbGlja3IJ7Jyg7IKw6regegNXRUKKAQRtYXJzkAHriQuYAbUaoAH%2F68UFsAGA5QjCARAxSXU5YUVmaWFTQUs3ekZ1\u0026t=1\",\"impressionLogUri\":\"https://mercury.coupang.com/e.gif?r=ChB3b2ZWOWVlMGg3VlFuVzQzEgwxMTUuOTQuMS4yMTEY7JikgKozIBIqLDBNdHBIY3BoSDhYai95bGtvQmZBa3hzeGdDbWFVQU50RkdJeGFseDlNU3M9MgRGTEFUQhcxNzYzNjIxNTMxMjU1NDc2MjIzMzA4MlD%2F68UFWgppbXByZXNzaW9ucgnsnKDsgrDqt6B6A1dFQooBBG1hcnOQAeuJC5gBtRqgAf%2FrxQWwAYDlCMIBEDFJdTlhRWZpYVNBSzd6RnU%3D\u0026t=2\",\"viewImpression\":\"https://mercury.coupang.com/e.gif?r=ChB3b2ZWOWVlMGg3VlFuVzQzEgwxMTUuOTQuMS4yMTEY7JikgKozIBIqLDBNdHBIY3BoSDhYai95bGtvQmZBa3hzeGdDbWFVQU50RkdJeGFseDlNU3M9MgRGTEFUQhcxNzYzNjIxNTMxMjU1NDc2MjIzMzA4MlD%2F68UFWgR2aWV3cgnsnKDsgrDqt6B6A1dFQooBBG1hcnOQAeuJC5gBtRqgAf%2FrxQWwAYDlCMIBEDFJdTlhRWZpYVNBSzd6RnU%3D\u0026t=3\",\"eventId\":\"wofV9ee0h7VQnW43\",\"feedsId\":\"\"},\"bannerId\":\"11630079\",\"adId\":\"11630079\",\"trCid\":\"11630079\"},{\"type\":\"ADZERK_KEYWORD\",\"imageUrl\":\"https://static.coupangcdn.com/ia/cmg_paperboy/image/1761807014274/S4_PC.jpg\",\"linkUrl\":\"https://shop.coupang.com/ckdhc/268664?source=brandstore_display_ads\u0026adType=DA\u0026eventId=Ki21ou47E1ngWSKy\",\"image\":{\"width\":1050,\"margin\":0,\"imageUrl\":\"https://static.coupangcdn.com/ia/cmg_paperboy/image/1761807014274/S4_PC.jpg\",\"id\":\"11627153\",\"height\":120},\"adzerkLogDto\":{\"clickLogUri\":\"https://mercury.coupang.com/e.gif?r=ChBLaTIxb3U0N0UxbmdXU0t5EgwxMTUuOTQuMS4yMTEY7JikgKozIBIqLDBNdHBIY3BoSDhYai95bGtvQmZBa3hzeGdDbWFVQU50RkdJeGFseDlNU3M9MgRGTEFUQhcxNzYzNjIxNTMxMjU1NDc2MjIzMzA4MlCR1cUFWgVjbGlja3IJ7Jyg7IKw6regegNXRUKKAQRtYXJzkAHriQuYAbUaoAGR1cUFsAGA5QjCARAxSXU5YUVmaWFTQUs3ekZ1\u0026t=1\",\"impressionLogUri\":\"https://mercury.coupang.com/e.gif?r=ChBLaTIxb3U0N0UxbmdXU0t5EgwxMTUuOTQuMS4yMTEY7JikgKozIBIqLDBNdHBIY3BoSDhYai95bGtvQmZBa3hzeGdDbWFVQU50RkdJeGFseDlNU3M9MgRGTEFUQhcxNzYzNjIxNTMxMjU1NDc2MjIzMzA4MlCR1cUFWgppbXByZXNzaW9ucgnsnKDsgrDqt6B6A1dFQooBBG1hcnOQAeuJC5gBtRqgAZHVxQWwAYDlCMIBEDFJdTlhRWZpYVNBSzd6RnU%3D\u0026t=2\",\"viewImpression\":\"https://mercury.coupang.com/e.gif?r=ChBLaTIxb3U0N0UxbmdXU0t5EgwxMTUuOTQuMS4yMTEY7JikgKozIBIqLDBNdHBIY3BoSDhYai95bGtvQmZBa3hzeGdDbWFVQU50RkdJeGFseDlNU3M9MgRGTEFUQhcxNzYzNjIxNTMxMjU1NDc2MjIzMzA4MlCR1cUFWgR2aWV3cgnsnKDsgrDqt6B6A1dFQooBBG1hcnOQAeuJC5gBtRqgAZHVxQWwAYDlCMIBEDFJdTlhRWZpYVNBSzd6RnU%3D\u0026t=3\",\"eventId\":\"Ki21ou47E1ngWSKy\",\"feedsId\":\"\"},\"bannerId\":\"11627153\",\"adId\":\"11627153\",\"trCid\":\"11627153\"},{\"type\":\"ADZERK_KEYWORD\",\"imageUrl\":\"https://static.coupangcdn.com/qa/cmg_paperboy/image/1761808402786/S4_PC.jpg\",\"linkUrl\":\"https://shop.coupang.com/ckdhc/268664?source=brandstore_display_ads\u0026adType=DA\u0026eventId=tJM5KbEaqA71O7xC\",\"image\":{\"width\":1050,\"margin\":0,\"imageUrl\":\"https://static.coupangcdn.com/qa/cmg_paperboy/image/1761808402786/S4_PC.jpg\",\"id\":\"11627157\",\"height\":120},\"adzerkLogDto\":{\"clickLogUri\":\"https://mercury.coupang.com/e.gif?r=ChB0Sk01S2JFYXFBNzFPN3hDEgwxMTUuOTQuMS4yMTEY7JikgKozIBIqLDBNdHBIY3BoSDhYai95bGtvQmZBa3hzeGdDbWFVQU50RkdJeGFseDlNU3M9MgRGTEFUQhcxNzYzNjIxNTMxMjU1NDc2MjIzMzA4MlCV1cUFWgVjbGlja3IJ7Jyg7IKw6regegNXRUKKAQRtYXJzkAHriQuYAbUaoAGV1cUFsAGA5QjCARAxSXU5YUVmaWFTQUs3ekZ1\u0026t=1\",\"impressionLogUri\":\"https://mercury.coupang.com/e.gif?r=ChB0Sk01S2JFYXFBNzFPN3hDEgwxMTUuOTQuMS4yMTEY7JikgKozIBIqLDBNdHBIY3BoSDhYai95bGtvQmZBa3hzeGdDbWFVQU50RkdJeGFseDlNU3M9MgRGTEFUQhcxNzYzNjIxNTMxMjU1NDc2MjIzMzA4MlCV1cUFWgppbXByZXNzaW9ucgnsnKDsgrDqt6B6A1dFQooBBG1hcnOQAeuJC5gBtRqgAZXVxQWwAYDlCMIBEDFJdTlhRWZpYVNBSzd6RnU%3D\u0026t=2\",\"viewImpression\":\"https://mercury.coupang.com/e.gif?r=ChB0Sk01S2JFYXFBNzFPN3hDEgwxMTUuOTQuMS4yMTEY7JikgKozIBIqLDBNdHBIY3BoSDhYai95bGtvQmZBa3hzeGdDbWFVQU50RkdJeGFseDlNU3M9MgRGTEFUQhcxNzYzNjIxNTMxMjU1NDc2MjIzMzA4MlCV1cUFWgR2aWV3cgnsnKDsgrDqt6B6A1dFQooBBG1hcnOQAeuJC5gBtRqgAZXVxQWwAYDlCMIBEDFJdTlhRWZpYVNBSzd6RnU%3D\u0026t=3\",\"eventId\":\"tJM5KbEaqA71O7xC\",\"feedsId\":\"\"},\"bannerId\":\"11627157\",\"adId\":\"11627157\",\"trCid\":\"11627157\"},{\"type\":\"ADZERK_KEYWORD\",\"imageUrl\":\"https://static.coupangcdn.com/ja/cmg_paperboy/image/1761809154413/S4_PC.jpg\",\"linkUrl\":\"https://shop.coupang.com/ckdhc/268664?source=brandstore_display_ads\u0026adType=DA\u0026eventId=t8zNd0FZSaSMJlnQ\",\"image\":{\"width\":1050,\"margin\":0,\"imageUrl\":\"https://static.coupangcdn.com/ja/cmg_paperboy/image/1761809154413/S4_PC.jpg\",\"id\":\"11627161\",\"height\":120},\"adzerkLogDto\":{\"clickLogUri\":\"https://mercury.coupang.com/e.gif?r=ChB0OHpOZDBGWlNhU01KbG5REgwxMTUuOTQuMS4yMTEY7JikgKozIBIqLDBNdHBIY3BoSDhYai95bGtvQmZBa3hzeGdDbWFVQU50RkdJeGFseDlNU3M9MgRGTEFUQhcxNzYzNjIxNTMxMjU1NDc2MjIzMzA4MlCZ1cUFWgVjbGlja3IJ7Jyg7IKw6regegNXRUKKAQRtYXJzkAHriQuYAbUaoAGZ1cUFsAGA5QjCARAxSXU5YUVmaWFTQUs3ekZ1\u0026t=1\",\"impressionLogUri\":\"https://mercury.coupang.com/e.gif?r=ChB0OHpOZDBGWlNhU01KbG5REgwxMTUuOTQuMS4yMTEY7JikgKozIBIqLDBNdHBIY3BoSDhYai95bGtvQmZBa3hzeGdDbWFVQU50RkdJeGFseDlNU3M9MgRGTEFUQhcxNzYzNjIxNTMxMjU1NDc2MjIzMzA4MlCZ1cUFWgppbXByZXNzaW9ucgnsnKDsgrDqt6B6A1dFQooBBG1hcnOQAeuJC5gBtRqgAZnVxQWwAYDlCMIBEDFJdTlhRWZpYVNBSzd6RnU%3D\u0026t=2\",\"viewImpression\":\"https://mercury.coupang.com/e.gif?r=ChB0OHpOZDBGWlNhU01KbG5REgwxMTUuOTQuMS4yMTEY7JikgKozIBIqLDBNdHBIY3BoSDhYai95bGtvQmZBa3hzeGdDbWFVQU50RkdJeGFseDlNU3M9MgRGTEFUQhcxNzYzNjIxNTMxMjU1NDc2MjIzMzA4MlCZ1cUFWgR2aWV3cgnsnKDsgrDqt6B6A1dFQooBBG1hcnOQAeuJC5gBtRqgAZnVxQWwAYDlCMIBEDFJdTlhRWZpYVNBSzd6RnU%3D\u0026t=3\",\"eventId\":\"t8zNd0FZSaSMJlnQ\",\"feedsId\":\"\"},\"bannerId\":\"11627161\",\"adId\":\"11627161\",\"trCid\":\"11627161\"},{\"type\":\"ADZERK_KEYWORD\",\"imageUrl\":\"https://static.coupangcdn.com/ra/cmg_paperboy/image/1757496524879/10000011288677_S4_PC.png\",\"linkUrl\":\"https://pages.coupang.com/p/147337?adType=DA\u0026eventId=DblLGaDuxnyrWbQt\",\"image\":{\"width\":1050,\"margin\":0,\"imageUrl\":\"https://static.coupangcdn.com/ra/cmg_paperboy/image/1757496524879/10000011288677_S4_PC.png\",\"id\":\"11634141\",\"height\":120},\"adzerkLogDto\":{\"clickLogUri\":\"https://mercury.coupang.com/e.gif?r=ChBEYmxMR2FEdXhueXJXYlF0EgwxMTUuOTQuMS4yMTEY7JikgKozIBIqLDBNdHBIY3BoSDhYai95bGtvQmZBa3hzeGdDbWFVQU50RkdJeGFseDlNU3M9MgRGTEFUQhcxNzYzNjIxNTMxMjU1NDc2MjIzMzA4MlDdi8YFWgVjbGlja3IJ7Jyg7IKw6regegNXRUKKAQRtYXJzkAHriQuYAbUaoAHdi8YFwgEQMUl1OWFFZmlhU0FLN3pGdQ%3D%3D\u0026t=1\",\"impressionLogUri\":\"https://mercury.coupang.com/e.gif?r=ChBEYmxMR2FEdXhueXJXYlF0EgwxMTUuOTQuMS4yMTEY7JikgKozIBIqLDBNdHBIY3BoSDhYai95bGtvQmZBa3hzeGdDbWFVQU50RkdJeGFseDlNU3M9MgRGTEFUQhcxNzYzNjIxNTMxMjU1NDc2MjIzMzA4MlDdi8YFWgppbXByZXNzaW9ucgnsnKDsgrDqt6B6A1dFQooBBG1hcnOQAeuJC5gBtRqgAd2LxgXCARAxSXU5YUVmaWFTQUs3ekZ1\u0026t=2\",\"viewImpression\":\"https://mercury.coupang.com/e.gif?r=ChBEYmxMR2FEdXhueXJXYlF0EgwxMTUuOTQuMS4yMTEY7JikgKozIBIqLDBNdHBIY3BoSDhYai95bGtvQmZBa3hzeGdDbWFVQU50RkdJeGFseDlNU3M9MgRGTEFUQhcxNzYzNjIxNTMxMjU1NDc2MjIzMzA4MlDdi8YFWgR2aWV3cgnsnKDsgrDqt6B6A1dFQooBBG1hcnOQAeuJC5gBtRqgAd2LxgXCARAxSXU5YUVmaWFTQUs3ekZ1\u0026t=3\",\"eventId\":\"DblLGaDuxnyrWbQt\",\"feedsId\":\"\"},\"bannerId\":\"11634141\",\"adId\":\"11634141\",\"trCid\":\"11634141\"}],\"q\":\"유산균\",\"searchId\":\"1a76afe61280463\",\"channel\":\"\"}],null,\"$L27\",\"$L28\"]}]\n"])</script><script>self.__next_f.push([1,"19:[\"$\",\"$L29\",null,{\"q\":\"유산균\"}]\n1a:[\"$\",\"$L2a\",null,{\"productIndexes\":[7257246284,7458810098,6063894601,7626263931,8336583914,7956476557,5498533952,5498533952,7201469545,7458810098,2638550,7458810098,8701538469,6063894601,7510979869,7893057219,8203806586,8184298624,6953914393,7201469545,7458810098,7198631640,8203806586,7180571360,8279510233,7733505934,7431776789,7893057219,7201469545,7201475105,7835608908,8232473970,5498533952,8336583914,7458810098,7776826657],\"fodiumWebUrl\":\"//reco.coupang.com\"}]\n1b:[\"$\",\"$L2b\",null,{\"q\":\"유산균\"}]\n1c:[\"$\",\"$L2c\",null,{\"pageName\":\"srp\",\"redirectForOrganicTrafficTarget\":false,\"pcsRedirectTargetAndroid\":false}]\n"])</script><script>self.__next_f.push([1,"1d:[\"$\",\"$L2d\",null,{\"products\":[{\"adBadgeArea\":{\"sponsored\":true,\"adzerkLog\":{\"clickLogUri\":\"https://mercury.coupang.com/e.gif?r=752ec8d0-c5dd-11f0-895a-da439e68c666%7E3\u0026korePlacement=15\u0026koreSubPlacement=1\",\"impressionLogUri\":\"https://mercury.coupang.com/e.gif?r=752ec8d0-c5dd-11f0-895a-da439e68c666%7E1\u0026korePlacement=15\u0026koreSubPlacement=1\",\"viewImpression\":\"https://mercury.coupang.com/e.gif?r=752ec8d0-c5dd-11f0-895a-da439e68c666%7E2\u0026korePlacement=15\u0026koreSubPlacement=1\",\"feedsId\":\"\",\"eventId\":\"752ec8d0-c5dd-11f0-895a-da439e68c666\"},\"showSeparator\":true},\"badgeReorder\":false,\"benefitBadgeArea\":{\"badgeAreaContents\":[{\"css\":\"\",\"title\":\"268원 캐시 적립\",\"id\":\"CASH_AMASSMENT\",\"discountInfo\":null,\"freeDeliveryStandard\":null}]},\"bizOnlyArea\":null,\"cashBackArea\":{\"iconUrl\":\"https://image.coupangcdn.com/image/badges/cashback/web/list-cash-icon@2x.png\",\"cashRewardText\":\"최대 1,191원 적립\"},\"ccidArea\":null,\"ccidEligible\":false,\"couPickArea\":null,\"couponNudgeStyle\":null,\"couponNudgeText\":null,\"couponTagArea\":null,\"deliveryBadgeArea\":{\"badgeAreaContents\":[]},\"deliverySpeedBadgeArea\":null,\"eligibleFalconArea\":null,\"emptyCcidAndCashback\":false,\"globalArea\":{\"badgeImage\":null,\"countryName\":null,\"show\":false},\"handymanArea\":null,\"imageAndTitleArea\":{\"defaultUrl\":\"//thumbnail.coupangcdn.com/thumbnails/remote/320x320ex/image/retail/images/53582735765948-b8f6d8fd-3294-46f4-996c-ec4bcf711d73.jpg\",\"title\":\"비오비타 패밀리 미니정제 유산균, 84정, 2개\"},\"index\":{\"deliveryInfo\":{\"finalFreeShipOverAmountEx\":{\"amount\":19800}},\"freebie\":null,\"itemId\":18595395637,\"soldOutReason\":null,\"unitPrice\":{\"amount\":1,\"extendedPrice\":{\"money\":{\"amount\":160,\"currency\":\"KRW\"},\"offset\":0},\"priceEx\":{\"amount\":160,\"currency\":\"KRW\"},\"unit\":\"정\"}},\"isCeCategory\":false,\"labelArea\":{\"labelAreaContents\":[],\"todayClose\":false},\"legacyProductId\":7257246284,\"link\":\"/vp/products/7257246284?itemId=18595395637\u0026vendorItemId=85731555287\u0026sourceType=srp_product_ads\u0026clickEventId=752ec8d0-c5dd-11f0-895a-da439e68c666\u0026korePlacement=15\u0026koreSubPlacement=1\u0026clickEventId=752ec8d0-c5dd-11f0-895a-da439e68c666\u0026korePlacement=15\u0026koreSubPlacement=1\",\"luxuryNudgeText\":null,\"priceArea\":{\"basePrice\":\"29,800\",\"discountRate\":10,\"i18nOriginalPrice\":{\"amount\":\"29800\",\"rawAmount\":null,\"fractionDigits\":0,\"currency\":\"KRW\"},\"i18nSalesPrice\":{\"amount\":\"26800\",\"rawAmount\":null,\"fractionDigits\":0,\"currency\":\"KRW\"},\"instantDiscountDescription\":\"쿠폰할인\",\"price\":\"26,800\",\"shippingFeeDescription\":null,\"badDiscount\":false,\"discountCountDownText\":null,\"discountExpireTime\":null},\"promisedDeliveryDateArea\":{\"contents\":[{\"text\":\"내일(금) \",\"size\":12,\"color\":\"#008C00\",\"bold\":false},{\"text\":\"도착 보장\",\"size\":12,\"color\":\"#008C00\",\"bold\":false}]},\"reviewArea\":{\"ratingAverage\":5,\"ratingCount\":834,\"ratingRatio\":100},\"rluxBrandNameArea\":{\"show\":false,\"badgeImage\":null,\"brandName\":null,\"rluxAuthText\":null},\"rocketArea\":{\"badgeImage\":{\"iconUrl\":\"https://image.coupangcdn.com/image/rds/delivery_badge_ext/badge_1998ab96bf7.png\"},\"show\":true},\"sequence\":0,\"shippingInfoArea\":{\"contents\":[{\"text\":\"무료배송\",\"size\":12,\"color\":\"#454F5B\",\"bold\":true}],\"benefits\":null,\"onlyShippedToday\":null},\"snsDiscountRate\":-1,\"soldoutArea\":{\"soldOutText\":\"일시품절\",\"soldout\":false},\"subscriptionPriceArea\":null,\"topBrandArea\":null,\"usedProductArea\":{\"notDisplay\":false},\"vendorItemId\":85731555287,\"wowOnlyInstantDiscountRate\":-1,\"isRlux\":false,\"isFarfetch\":false,\"properties\":{\"promiseDeliveryDate\":\"내일(금) 도착 보장\",\"extendPdd\":false,\"abGroupOfSrpNonWowPriceParity\":\"B\",\"remoteAreaShippingFeeBadge\":\"False\"},\"ab92528SrpIsB\":false,\"ab92528PlpIsB\":false,\"bestArea\":{\"sequence\":-1,\"show\":false},\"isWhitelistedSRP\":false,\"bestAward\":null,\"lowStockArea\":null,\"badges\":null,\"useBadges\":false},{\"adBadgeArea\":{\"sponsored\":false,\"adzerkLog\":null,\"showSeparator\":true},\"badgeReorder\":false,\"benefitBadgeArea\":{\"badgeAreaContents\":[]},\"bizOnlyArea\":null,\"cashBackArea\":{\"iconUrl\":\"https://image.coupangcdn.com/image/badges/cashback/web/list-cash-icon@2x.png\",\"cashRewardText\":\"최대 945원 적립\"},\"ccidArea\":null,\"ccidEligible\":false,\"couPickArea\":{\"pickType\":\"COU_PICK\",\"badgeImage\":{\"iconUrl\":\"https://image.coupangcdn.com/image/badges/cou_pick/web/coupick@2x.png\",\"iconWidth\":68,\"iconHeight\":20},\"show\":true},\"couponNudgeStyle\":null,\"couponNudgeText\":null,\"couponTagArea\":null,\"deliveryBadgeArea\":{\"badgeAreaContents\":[]},\"deliverySpeedBadgeArea\":null,\"eligibleFalconArea\":null,\"emptyCcidAndCashback\":false,\"globalArea\":{\"badgeImage\":null,\"countryName\":null,\"show\":false},\"handymanArea\":null,\"imageAndTitleArea\":{\"defaultUrl\":\"//thumbnail.coupangcdn.com/thumbnails/remote/320x320ex/image/retail/images/60557165883108-1a743c5d-a344-48cc-951b-416a40e49592.jpg\",\"title\":\"락토핏 골드 80포, 160g, 1개\"},\"index\":{\"deliveryInfo\":{\"finalFreeShipOverAmountEx\":{\"amount\":19800}},\"freebie\":null,\"itemId\":623694660,\"soldOutReason\":null,\"unitPrice\":{\"amount\":10,\"extendedPrice\":{\"money\":{\"amount\":1181,\"currency\":\"KRW\"},\"offset\":0},\"priceEx\":{\"amount\":1181,\"currency\":\"KRW\"},\"unit\":\"g\"}},\"isCeCategory\":false,\"labelArea\":{\"labelAreaContents\":[],\"todayClose\":false},\"legacyProductId\":7458810098,\"link\":\"/vp/products/7458810098?itemId=623694660\u0026vendorItemId=4637889550\u0026pickType=COU_PICK\u0026q=유산균\u0026searchId=1a76afe61280463\u0026sourceType=search\u0026itemsCount=36\u0026searchRank=1\u0026rank=1\",\"luxuryNudgeText\":null,\"priceArea\":{\"basePrice\":\"28,500\",\"discountRate\":33,\"i18nOriginalPrice\":{\"amount\":\"28500\",\"rawAmount\":null,\"fractionDigits\":0,\"currency\":\"KRW\"},\"i18nSalesPrice\":{\"amount\":\"18900\",\"rawAmount\":null,\"fractionDigits\":0,\"currency\":\"KRW\"},\"instantDiscountDescription\":\"\",\"price\":\"18,900\",\"shippingFeeDescription\":null,\"badDiscount\":false,\"discountCountDownText\":null,\"discountExpireTime\":null},\"promisedDeliveryDateArea\":{\"contents\":[{\"text\":\"내일(금) \",\"size\":12,\"color\":\"#008C00\",\"bold\":false},{\"text\":\"도착 보장\",\"size\":12,\"color\":\"#008C00\",\"bold\":false}]},\"reviewArea\":{\"ratingAverage\":5,\"ratingCount\":212428,\"ratingRatio\":100},\"rluxBrandNameArea\":{\"show\":false,\"badgeImage\":null,\"brandName\":null,\"rluxAuthText\":null},\"rocketArea\":{\"badgeImage\":{\"iconUrl\":\"https://image.coupangcdn.com/image/rds/delivery_badge_ext/badge_1998ab96bf7.png\"},\"show\":true},\"sequence\":1,\"shippingInfoArea\":{\"contents\":[{\"text\":\"와우는 \",\"size\":12,\"color\":\"#454F5B\",\"bold\":true},{\"text\":\"무료배송 ∙ 무료반품 ∙ 새벽도착\",\"size\":12,\"color\":\"#454F5B\",\"bold\":false}],\"benefits\":null,\"onlyShippedToday\":null},\"snsDiscountRate\":-1,\"soldoutArea\":{\"soldOutText\":\"일시품절\",\"soldout\":false},\"subscriptionPriceArea\":null,\"topBrandArea\":null,\"usedProductArea\":{\"notDisplay\":false},\"vendorItemId\":4637889550,\"wowOnlyInstantDiscountRate\":-1,\"isRlux\":false,\"isFarfetch\":false,\"properties\":{\"promiseDeliveryDate\":\"내일(금) 도착 보장\",\"extendPdd\":false,\"abGroupOfSrpNonWowPriceParity\":\"B\",\"remoteAreaShippingFeeBadge\":\"False\"},\"ab92528SrpIsB\":false,\"ab92528PlpIsB\":false,\"bestArea\":{\"sequence\":1,\"show\":true},\"isWhitelistedSRP\":false,\"bestAward\":null,\"lowStockArea\":null,\"badges\":null,\"useBadges\":false},{\"adBadgeArea\":{\"sponsored\":false,\"adzerkLog\":null,\"showSeparator\":false},\"badgeReorder\":false,\"benefitBadgeArea\":{\"badgeAreaContents\":[]},\"bizOnlyArea\":null,\"cashBackArea\":{\"iconUrl\":\"https://image.coupangcdn.com/image/badges/cashback/web/list-cash-icon@2x.png\",\"cashRewardText\":\"최대 745원 적립\"},\"ccidArea\":null,\"ccidEligible\":false,\"couPickArea\":null,\"couponNudgeStyle\":null,\"couponNudgeText\":null,\"couponTagArea\":null,\"deliveryBadgeArea\":{\"badgeAreaContents\":[]},\"deliverySpeedBadgeArea\":null,\"eligibleFalconArea\":null,\"emptyCcidAndCashback\":false,\"globalArea\":{\"badgeImage\":null,\"countryName\":null,\"show\":false},\"handymanArea\":null,\"imageAndTitleArea\":{\"defaultUrl\":\"//thumbnail.coupangcdn.com/thumbnails/remote/320x320ex/image/retail/images/511160217661541-bfe75eba-82ed-4818-a882-87c611299cab.jpg\",\"title\":\"크리스찬한센 덴마크 유산균 이야기, 30정, 1개\"},\"index\":{\"deliveryInfo\":{\"finalFreeShipOverAmountEx\":{\"amount\":19800}},\"freebie\":null,\"itemId\":19441573413,\"soldOutReason\":null,\"unitPrice\":{\"amount\":1,\"extendedPrice\":{\"money\":{\"amount\":497,\"currency\":\"KRW\"},\"offset\":0},\"priceEx\":{\"amount\":497,\"currency\":\"KRW\"},\"unit\":\"정\"}},\"isCeCategory\":false,\"labelArea\":{\"labelAreaContents\":[],\"todayClose\":false},\"legacyProductId\":6063894601,\"link\":\"/vp/products/6063894601?itemId=19441573413\u0026vendorItemId=81816610559\u0026q=유산균\u0026searchId=1a76afe61280463\u0026sourceType=search\u0026itemsCount=36\u0026searchRank=2\u0026rank=2\",\"luxuryNudgeText\":null,\"priceArea\":{\"basePrice\":\"51,000\",\"discountRate\":70,\"i18nOriginalPrice\":{\"amount\":\"51000\",\"rawAmount\":null,\"fractionDigits\":0,\"currency\":\"KRW\"},\"i18nSalesPrice\":{\"amount\":\"14900\",\"rawAmount\":null,\"fractionDigits\":0,\"currency\":\"KRW\"},\"instantDiscountDescription\":\"\",\"price\":\"14,900\",\"shippingFeeDescription\":null,\"badDiscount\":false,\"discountCountDownText\":null,\"discountExpireTime\":null},\"promisedDeliveryDateArea\":{\"contents\":[{\"text\":\"내일(금) \",\"size\":12,\"color\":\"#008C00\",\"bold\":false},{\"text\":\"도착 보장\",\"size\":12,\"color\":\"#008C00\",\"bold\":false}]},\"reviewArea\":{\"ratingAverage\":5,\"ratingCount\":25435,\"ratingRatio\":100},\"rluxBrandNameArea\":{\"show\":false,\"badgeImage\":null,\"brandName\":null,\"rluxAuthText\":null},\"rocketArea\":{\"badgeImage\":{\"iconUrl\":\"https://image.coupangcdn.com/image/rds/delivery_badge_ext/badge_1998ab96bf7.png\"},\"show\":true},\"sequence\":2,\"shippingInfoArea\":{\"contents\":[{\"text\":\"와우는 \",\"size\":12,\"color\":\"#454F5B\",\"bold\":true},{\"text\":\"무료배송 ∙ 무료반품 ∙ 새벽도착\",\"size\":12,\"color\":\"#454F5B\",\"bold\":false}],\"benefits\":null,\"onlyShippedToday\":null},\"snsDiscountRate\":-1,\"soldoutArea\":{\"soldOutText\":\"일시품절\",\"soldout\":false},\"subscriptionPriceArea\":null,\"topBrandArea\":null,\"usedProductArea\":{\"notDisplay\":false},\"vendorItemId\":81816610559,\"wowOnlyInstantDiscountRate\":-1,\"isRlux\":false,\"isFarfetch\":false,\"properties\":{\"promiseDeliveryDate\":\"내일(금) 도착 보장\",\"extendPdd\":false,\"abGroupOfSrpNonWowPriceParity\":\"B\",\"remoteAreaShippingFeeBadge\":\"False\"},\"ab92528SrpIsB\":false,\"ab92528PlpIsB\":false,\"bestArea\":{\"sequence\":2,\"show\":true},\"isWhitelistedSRP\":false,\"bestAward\":{\"bestAwardsBadgeType\":\"best_selling\",\"text\":\"BEST AWARDS\",\"popup\":{\"title\":\"쿠팡 로켓배송 상품 중 \u003cb\u003e2025 상반기\u003c/b\u003e 쿠팡 어워즈를 수상한 제품입니다.\",\"content\":[{\"label\":\"카테고리\",\"text\":\"건강식품 유산균\"},{\"label\":\"수상 부문\",\"text\":\"베스트 셀링\"},{\"label\":\"데이터 집계기간\",\"text\":\"2025.01.01 ~ 2025.05.21\"},{\"label\":\"수상 기준\",\"text\":\"매출, 판매량\"}]}},\"lowStockArea\":null,\"badges\":null,\"useBadges\":false},{\"adBadgeArea\":{\"sponsored\":false,\"adzerkLog\":null,\"showSeparator\":false},\"badgeReorder\":false,\"benefitBadgeArea\":{\"badgeAreaContents\":[]},\"bizOnlyArea\":null,\"cashBackArea\":{\"iconUrl\":\"https://image.coupangcdn.com/image/badges/cashback/web/list-cash-icon@2x.png\",\"cashRewardText\":\"최대 2,060원 적립\"},\"ccidArea\":null,\"ccidEligible\":false,\"couPickArea\":null,\"couponNudgeStyle\":null,\"couponNudgeText\":null,\"couponTagArea\":null,\"deliveryBadgeArea\":{\"badgeAreaContents\":[]},\"deliverySpeedBadgeArea\":null,\"eligibleFalconArea\":null,\"emptyCcidAndCashback\":false,\"globalArea\":{\"badgeImage\":{\"iconUrl\":\"https://image.coupangcdn.com/image/coupang/rds/logo/xhdpi/logo_jikgu_medium.png\",\"iconWidth\":65,\"iconHeight\":16},\"countryName\":\"미국\",\"show\":true},\"handymanArea\":null,\"imageAndTitleArea\":{\"defaultUrl\":\"//thumbnail.coupangcdn.com/thumbnails/remote/320x320ex/image/vendor_inventory/cfa2/7dafe44671c57f8be5145390677f5323075274c7f90689288b368766a4e1.jpg\",\"title\":\"[Jarrow Formulas] 자로우 포뮬러스 도피러스 EPS 유산균 100억 CFU, 120정, 1개\"},\"index\":{\"deliveryInfo\":{\"finalFreeShipOverAmountEx\":{\"amount\":29800}},\"freebie\":null,\"itemId\":18376283146,\"soldOutReason\":null,\"unitPrice\":{\"amount\":1,\"extendedPrice\":{\"money\":{\"amount\":343,\"currency\":\"KRW\"},\"offset\":0},\"priceEx\":{\"amount\":343,\"currency\":\"KRW\"},\"unit\":\"정\"}},\"isCeCategory\":false,\"labelArea\":{\"labelAreaContents\":[],\"todayClose\":false},\"legacyProductId\":7626263931,\"link\":\"/vp/products/7626263931?itemId=18376283146\u0026vendorItemId=3179568952\u0026q=유산균\u0026searchId=1a76afe61280463\u0026sourceType=search\u0026itemsCount=36\u0026searchRank=3\u0026rank=3\",\"luxuryNudgeText\":null,\"priceArea\":{\"basePrice\":\"45,780\",\"discountRate\":10,\"i18nOriginalPrice\":{\"amount\":\"45780\",\"rawAmount\":null,\"fractionDigits\":0,\"currency\":\"KRW\"},\"i18nSalesPrice\":{\"amount\":\"41200\",\"rawAmount\":null,\"fractionDigits\":0,\"currency\":\"KRW\"},\"instantDiscountDescription\":\"할인\",\"price\":\"41,200\",\"shippingFeeDescription\":null,\"badDiscount\":true,\"discountCountDownText\":null,\"discountExpireTime\":null},\"promisedDeliveryDateArea\":{\"contents\":[{\"text\":\"11/23(일) \",\"size\":12,\"color\":\"#212B36\",\"bold\":false},{\"text\":\"도착 예정\",\"size\":12,\"color\":\"#212B36\",\"bold\":false}]},\"reviewArea\":{\"ratingAverage\":5,\"ratingCount\":27879,\"ratingRatio\":100},\"rluxBrandNameArea\":{\"show\":false,\"badgeImage\":null,\"brandName\":null,\"rluxAuthText\":null},\"rocketArea\":{\"badgeImage\":{\"iconUrl\":\"\"},\"show\":false},\"sequence\":3,\"shippingInfoArea\":{\"contents\":[{\"text\":\"무료배송\",\"size\":12,\"color\":\"#454F5B\",\"bold\":true}],\"benefits\":null,\"onlyShippedToday\":null},\"snsDiscountRate\":-1,\"soldoutArea\":{\"soldOutText\":\"품절\",\"soldout\":false},\"subscriptionPriceArea\":null,\"topBrandArea\":null,\"usedProductArea\":{\"notDisplay\":false},\"vendorItemId\":3179568952,\"wowOnlyInstantDiscountRate\":-1,\"isRlux\":false,\"isFarfetch\":false,\"properties\":{\"promiseDeliveryDate\":\"11/23(일) 도착 예정\",\"extendPdd\":false,\"abGroupOfSrpNonWowPriceParity\":\"B\",\"remoteAreaShippingFeeBadge\":\"False\"},\"ab92528SrpIsB\":false,\"ab92528PlpIsB\":false,\"bestArea\":{\"sequence\":3,\"show\":true},\"isWhitelistedSRP\":false,\"bestAward\":null,\"lowStockArea\":null,\"badges\":null,\"useBadges\":false},{\"adBadgeArea\":{\"sponsored\":false,\"adzerkLog\":null,\"showSeparator\":false},\"badgeReorder\":false,\"benefitBadgeArea\":{\"badgeAreaContents\":[]},\"bizOnlyArea\":null,\"cashBackArea\":{\"iconUrl\":\"https://image.coupangcdn.com/image/badges/cashback/web/list-cash-icon@2x.png\",\"cashRewardText\":\"최대 1,806원 적립\"},\"ccidArea\":null,\"ccidEligible\":false,\"couPickArea\":null,\"couponNudgeStyle\":null,\"couponNudgeText\":null,\"couponTagArea\":null,\"deliveryBadgeArea\":{\"badgeAreaContents\":[]},\"deliverySpeedBadgeArea\":null,\"eligibleFalconArea\":null,\"emptyCcidAndCashback\":false,\"globalArea\":{\"badgeImage\":{\"iconUrl\":\"https://image.coupangcdn.com/image/coupang/rds/logo/xhdpi/logo_jikgu_medium.png\",\"iconWidth\":65,\"iconHeight\":16},\"countryName\":\"미국\",\"show\":true},\"handymanArea\":null,\"imageAndTitleArea\":{\"defaultUrl\":\"//thumbnail.coupangcdn.com/thumbnails/remote/320x320ex/image/vendor_inventory/image_audit/stage/manual/a658fa6128ccd3ecc81aa2c4a605819291144f81dcd2a124b12f040560ba_1751522002256.jpg\",\"title\":\"재로우 우먼 펨-도필러스 유산균 10억 베지테리안 캡슐, 60정, 1개\"},\"index\":{\"deliveryInfo\":{\"finalFreeShipOverAmountEx\":{\"amount\":29800}},\"freebie\":null,\"itemId\":15790615828,\"soldOutReason\":null,\"unitPrice\":{\"amount\":1,\"extendedPrice\":{\"money\":{\"amount\":602,\"currency\":\"KRW\"},\"offset\":0},\"priceEx\":{\"amount\":602,\"currency\":\"KRW\"},\"unit\":\"정\"}},\"isCeCategory\":false,\"labelArea\":{\"labelAreaContents\":[],\"todayClose\":false},\"legacyProductId\":8336583914,\"link\":\"/vp/products/8336583914?itemId=15790615828\u0026vendorItemId=3161168955\u0026q=유산균\u0026searchId=1a76afe61280463\u0026sourceType=search\u0026itemsCount=36\u0026searchRank=4\u0026rank=4\",\"luxuryNudgeText\":null,\"priceArea\":{\"basePrice\":\"44,940\",\"discountRate\":19,\"i18nOriginalPrice\":{\"amount\":\"44940\",\"rawAmount\":null,\"fractionDigits\":0,\"currency\":\"KRW\"},\"i18nSalesPrice\":{\"amount\":\"36120\",\"rawAmount\":null,\"fractionDigits\":0,\"currency\":\"KRW\"},\"instantDiscountDescription\":\"할인\",\"price\":\"36,120\",\"shippingFeeDescription\":null,\"badDiscount\":true,\"discountCountDownText\":null,\"discountExpireTime\":null},\"promisedDeliveryDateArea\":{\"contents\":[{\"text\":\"11/23(일) \",\"size\":12,\"color\":\"#212B36\",\"bold\":false},{\"text\":\"도착 예정\",\"size\":12,\"color\":\"#212B36\",\"bold\":false}]},\"reviewArea\":{\"ratingAverage\":5,\"ratingCount\":75960,\"ratingRatio\":100},\"rluxBrandNameArea\":{\"show\":false,\"badgeImage\":null,\"brandName\":null,\"rluxAuthText\":null},\"rocketArea\":{\"badgeImage\":{\"iconUrl\":\"\"},\"show\":false},\"sequence\":4,\"shippingInfoArea\":{\"contents\":[{\"text\":\"무료배송\",\"size\":12,\"color\":\"#454F5B\",\"bold\":true}],\"benefits\":null,\"onlyShippedToday\":null},\"snsDiscountRate\":-1,\"soldoutArea\":{\"soldOutText\":\"품절\",\"soldout\":false},\"subscriptionPriceArea\":null,\"topBrandArea\":null,\"usedProductArea\":{\"notDisplay\":false},\"vendorItemId\":3161168955,\"wowOnlyInstantDiscountRate\":-1,\"isRlux\":false,\"isFarfetch\":false,\"properties\":{\"promiseDeliveryDate\":\"11/23(일) 도착 예정\",\"extendPdd\":false,\"abGroupOfSrpNonWowPriceParity\":\"B\",\"remoteAreaShippingFeeBadge\":\"False\"},\"ab92528SrpIsB\":false,\"ab92528PlpIsB\":false,\"bestArea\":{\"sequence\":4,\"show\":true},\"isWhitelistedSRP\":false,\"bestAward\":null,\"lowStockArea\":null,\"badges\":null,\"useBadges\":false},{\"adBadgeArea\":{\"sponsored\":false,\"adzerkLog\":null,\"showSeparator\":false},\"badgeReorder\":false,\"benefitBadgeArea\":{\"badgeAreaContents\":[]},\"bizOnlyArea\":null,\"cashBackArea\":{\"iconUrl\":\"https://image.coupangcdn.com/image/badges/cashback/web/list-cash-icon@2x.png\",\"cashRewardText\":\"최대 700원 적립\"},\"ccidArea\":null,\"ccidEligible\":false,\"couPickArea\":null,\"couponNudgeStyle\":null,\"couponNudgeText\":null,\"couponTagArea\":null,\"deliveryBadgeArea\":{\"badgeAreaContents\":[]},\"deliverySpeedBadgeArea\":null,\"eligibleFalconArea\":null,\"emptyCcidAndCashback\":false,\"globalArea\":{\"badgeImage\":null,\"countryName\":null,\"show\":false},\"handymanArea\":null,\"imageAndTitleArea\":{\"defaultUrl\":\"//thumbnail.coupangcdn.com/thumbnails/remote/320x320ex/image/retail/images/2025/01/08/11/2/a35ab0df-94b5-4a99-8d20-6bd818d0d55b.jpg\",\"title\":\"락토핏 다이어트 유산균 60p, 120g, 1개\"},\"index\":{\"deliveryInfo\":{\"finalFreeShipOverAmountEx\":{\"amount\":19800}},\"freebie\":null,\"itemId\":21983529029,\"soldOutReason\":null,\"unitPrice\":{\"amount\":10,\"extendedPrice\":{\"money\":{\"amount\":1167,\"currency\":\"KRW\"},\"offset\":0},\"priceEx\":{\"amount\":1167,\"currency\":\"KRW\"},\"unit\":\"g\"}},\"isCeCategory\":false,\"labelArea\":{\"labelAreaContents\":[],\"todayClose\":false},\"legacyProductId\":7956476557,\"link\":\"/vp/products/7956476557?itemId=21983529029\u0026vendorItemId=91737207467\u0026q=유산균\u0026searchId=1a76afe61280463\u0026sourceType=search\u0026itemsCount=36\u0026searchRank=5\u0026rank=5\",\"luxuryNudgeText\":null,\"priceArea\":{\"basePrice\":\"25,900\",\"discountRate\":45,\"i18nOriginalPrice\":{\"amount\":\"25900\",\"rawAmount\":null,\"fractionDigits\":0,\"currency\":\"KRW\"},\"i18nSalesPrice\":{\"amount\":\"14000\",\"rawAmount\":null,\"fractionDigits\":0,\"currency\":\"KRW\"},\"instantDiscountDescription\":\"\",\"price\":\"14,000\",\"shippingFeeDescription\":null,\"badDiscount\":false,\"discountCountDownText\":null,\"discountExpireTime\":null},\"promisedDeliveryDateArea\":{\"contents\":[{\"text\":\"내일(금) \",\"size\":12,\"color\":\"#008C00\",\"bold\":false},{\"text\":\"도착 보장\",\"size\":12,\"color\":\"#008C00\",\"bold\":false}]},\"reviewArea\":{\"ratingAverage\":4.5,\"ratingCount\":6209,\"ratingRatio\":90},\"rluxBrandNameArea\":{\"show\":false,\"badgeImage\":null,\"brandName\":null,\"rluxAuthText\":null},\"rocketArea\":{\"badgeImage\":{\"iconUrl\":\"https://image.coupangcdn.com/image/rds/delivery_badge_ext/badge_1998ab96bf7.png\"},\"show\":true},\"sequence\":5,\"shippingInfoArea\":{\"contents\":[{\"text\":\"와우는 \",\"size\":12,\"color\":\"#454F5B\",\"bold\":true},{\"text\":\"무료배송 ∙ 무료반품\",\"size\":12,\"color\":\"#454F5B\",\"bold\":false}],\"benefits\":null,\"onlyShippedToday\":null},\"snsDiscountRate\":-1,\"soldoutArea\":{\"soldOutText\":\"일시품절\",\"soldout\":false},\"subscriptionPriceArea\":null,\"topBrandArea\":null,\"usedProductArea\":{\"notDisplay\":false},\"vendorItemId\":91737207467,\"wowOnlyInstantDiscountRate\":-1,\"isRlux\":false,\"isFarfetch\":false,\"properties\":{\"promiseDeliveryDate\":\"내일(금) 도착 보장\",\"extendPdd\":false,\"abGroupOfSrpNonWowPriceParity\":\"B\",\"remoteAreaShippingFeeBadge\":\"False\"},\"ab92528SrpIsB\":false,\"ab92528PlpIsB\":false,\"bestArea\":{\"sequence\":5,\"show\":true},\"isWhitelistedSRP\":false,\"bestAward\":{\"bestAwardsBadgeType\":\"best_new_product\",\"text\":\"BEST AWARDS\",\"popup\":{\"title\":\"쿠팡 로켓배송 상품 중 \u003cb\u003e2025 상반기\u003c/b\u003e 쿠팡 어워즈를 수상한 제품입니다.\",\"content\":[{\"label\":\"카테고리\",\"text\":\"건강식품 유산균\"},{\"label\":\"수상 부문\",\"text\":\"신상품 베스트\"},{\"label\":\"데이터 집계기간\",\"text\":\"2025.01.01 ~ 2025.05.21\"},{\"label\":\"수상 기준\",\"text\":\"데이터 집계기간에 등록된 상품의 매출, 판매량\"}]}},\"lowStockArea\":null,\"badges\":null,\"useBadges\":false},{\"adBadgeArea\":{\"sponsored\":false,\"adzerkLog\":null,\"showSeparator\":false},\"badgeReorder\":false,\"benefitBadgeArea\":{\"badgeAreaContents\":[]},\"bizOnlyArea\":null,\"cashBackArea\":{\"iconUrl\":\"https://image.coupangcdn.com/image/badges/cashback/web/list-cash-icon@2x.png\",\"cashRewardText\":\"최대 655원 적립\"},\"ccidArea\":null,\"ccidEligible\":false,\"couPickArea\":null,\"couponNudgeStyle\":null,\"couponNudgeText\":null,\"couponTagArea\":null,\"deliveryBadgeArea\":{\"badgeAreaContents\":[]},\"deliverySpeedBadgeArea\":null,\"eligibleFalconArea\":null,\"emptyCcidAndCashback\":false,\"globalArea\":{\"badgeImage\":null,\"countryName\":null,\"show\":false},\"handymanArea\":null,\"imageAndTitleArea\":{\"defaultUrl\":\"//thumbnail.coupangcdn.com/thumbnails/remote/320x320ex/image/retail/images/10902821438179-ce51c297-fcc7-4c8f-b85b-57c05b7ded90.jpg\",\"title\":\"락토핏 생유산균 코어, 120g, 1개\"},\"index\":{\"deliveryInfo\":{\"finalFreeShipOverAmountEx\":{\"amount\":19800}},\"freebie\":null,\"itemId\":22783302848,\"soldOutReason\":null,\"unitPrice\":{\"amount\":10,\"extendedPrice\":{\"money\":{\"amount\":1092,\"currency\":\"KRW\"},\"offset\":0},\"priceEx\":{\"amount\":1092,\"currency\":\"KRW\"},\"unit\":\"g\"}},\"isCeCategory\":false,\"labelArea\":{\"labelAreaContents\":[],\"todayClose\":false},\"legacyProductId\":5498533952,\"link\":\"/vp/products/5498533952?itemId=22783302848\u0026vendorItemId=85023806746\u0026q=유산균\u0026searchId=1a76afe61280463\u0026sourceType=search\u0026itemsCount=36\u0026searchRank=6\u0026rank=6\",\"luxuryNudgeText\":null,\"priceArea\":{\"basePrice\":\"0\",\"discountRate\":0,\"i18nOriginalPrice\":{\"amount\":\"0\",\"rawAmount\":null,\"fractionDigits\":0,\"currency\":\"KRW\"},\"i18nSalesPrice\":{\"amount\":\"13100\",\"rawAmount\":null,\"fractionDigits\":0,\"currency\":\"KRW\"},\"instantDiscountDescription\":\"\",\"price\":\"13,100\",\"shippingFeeDescription\":null,\"badDiscount\":false,\"discountCountDownText\":null,\"discountExpireTime\":null},\"promisedDeliveryDateArea\":{\"contents\":[{\"text\":\"내일(금) \",\"size\":12,\"color\":\"#008C00\",\"bold\":false},{\"text\":\"도착 보장\",\"size\":12,\"color\":\"#008C00\",\"bold\":false}]},\"reviewArea\":{\"ratingAverage\":5,\"ratingCount\":70106,\"ratingRatio\":100},\"rluxBrandNameArea\":{\"show\":false,\"badgeImage\":null,\"brandName\":null,\"rluxAuthText\":null},\"rocketArea\":{\"badgeImage\":{\"iconUrl\":\"https://image.coupangcdn.com/image/rds/delivery_badge_ext/badge_1998ab96bf7.png\"},\"show\":true},\"sequence\":6,\"shippingInfoArea\":{\"contents\":[{\"text\":\"와우는 \",\"size\":12,\"color\":\"#454F5B\",\"bold\":true},{\"text\":\"무료배송 ∙ 무료반품 ∙ 새벽도착\",\"size\":12,\"color\":\"#454F5B\",\"bold\":false}],\"benefits\":null,\"onlyShippedToday\":null},\"snsDiscountRate\":-1,\"soldoutArea\":{\"soldOutText\":\"일시품절\",\"soldout\":false},\"subscriptionPriceArea\":null,\"topBrandArea\":null,\"usedProductArea\":{\"notDisplay\":false},\"vendorItemId\":85023806746,\"wowOnlyInstantDiscountRate\":-1,\"isRlux\":false,\"isFarfetch\":false,\"properties\":{\"promiseDeliveryDate\":\"내일(금) 도착 보장\",\"extendPdd\":false,\"abGroupOfSrpNonWowPriceParity\":\"B\",\"remoteAreaShippingFeeBadge\":\"False\"},\"ab92528SrpIsB\":false,\"ab92528PlpIsB\":false,\"bestArea\":{\"sequence\":6,\"show\":true},\"isWhitelistedSRP\":false,\"bestAward\":null,\"lowStockArea\":null,\"badges\":null,\"useBadges\":false},{\"adBadgeArea\":{\"sponsored\":false,\"adzerkLog\":null,\"showSeparator\":true},\"badgeReorder\":false,\"benefitBadgeArea\":{\"badgeAreaContents\":[{\"css\":\"\",\"title\":\"와우 90원 캐시 적립\",\"id\":\"CASH_AMASSMENT\",\"discountInfo\":null,\"freeDeliveryStandard\":null}]},\"bizOnlyArea\":null,\"cashBackArea\":{\"iconUrl\":\"https://image.coupangcdn.com/image/badges/cashback/web/list-cash-icon@2x.png\",\"cashRewardText\":\"최대 1,610원 적립\"},\"ccidArea\":null,\"ccidEligible\":false,\"couPickArea\":null,\"couponNudgeStyle\":null,\"couponNudgeText\":null,\"couponTagArea\":null,\"deliveryBadgeArea\":{\"badgeAreaContents\":[]},\"deliverySpeedBadgeArea\":null,\"eligibleFalconArea\":null,\"emptyCcidAndCashback\":false,\"globalArea\":{\"badgeImage\":null,\"countryName\":null,\"show\":false},\"handymanArea\":null,\"imageAndTitleArea\":{\"defaultUrl\":\"//thumbnail.coupangcdn.com/thumbnails/remote/320x320ex/image/retail/images/80970227276300-7e8fe67a-1a97-4ed1-93da-9e3c5bda345f.jpg\",\"title\":\"락토핏 코어 유산균 60p, 120g, 3개\"},\"index\":{\"deliveryInfo\":{\"finalFreeShipOverAmountEx\":{\"amount\":19800}},\"freebie\":null,\"itemId\":16458772581,\"soldOutReason\":null,\"unitPrice\":{\"amount\":10,\"extendedPrice\":{\"money\":{\"amount\":894,\"currency\":\"KRW\"},\"offset\":0},\"priceEx\":{\"amount\":894,\"currency\":\"KRW\"},\"unit\":\"g\"}},\"isCeCategory\":false,\"labelArea\":{\"labelAreaContents\":[],\"todayClose\":false},\"legacyProductId\":5498533952,\"link\":\"/vp/products/5498533952?itemId=16458772581\u0026vendorItemId=85093994017\u0026q=유산균\u0026searchId=1a76afe61280463\u0026sourceType=search\u0026itemsCount=36\u0026searchRank=7\u0026rank=7\",\"luxuryNudgeText\":null,\"priceArea\":{\"basePrice\":\"0\",\"discountRate\":0,\"i18nOriginalPrice\":{\"amount\":\"0\",\"rawAmount\":null,\"fractionDigits\":0,\"currency\":\"KRW\"},\"i18nSalesPrice\":{\"amount\":\"32200\",\"rawAmount\":null,\"fractionDigits\":0,\"currency\":\"KRW\"},\"instantDiscountDescription\":\"\",\"price\":\"32,200\",\"shippingFeeDescription\":null,\"badDiscount\":false,\"discountCountDownText\":null,\"discountExpireTime\":null},\"promisedDeliveryDateArea\":{\"contents\":[{\"text\":\"내일(금) \",\"size\":12,\"color\":\"#008C00\",\"bold\":false},{\"text\":\"도착 보장\",\"size\":12,\"color\":\"#008C00\",\"bold\":false}]},\"reviewArea\":{\"ratingAverage\":5,\"ratingCount\":70106,\"ratingRatio\":100},\"rluxBrandNameArea\":{\"show\":false,\"badgeImage\":null,\"brandName\":null,\"rluxAuthText\":null},\"rocketArea\":{\"badgeImage\":{\"iconUrl\":\"https://image.coupangcdn.com/image/rds/delivery_badge_ext/badge_1998ab96bf7.png\"},\"show\":true},\"sequence\":7,\"shippingInfoArea\":{\"contents\":[{\"text\":\"무료배송\",\"size\":12,\"color\":\"#454F5B\",\"bold\":true}],\"benefits\":null,\"onlyShippedToday\":null},\"snsDiscountRate\":-1,\"soldoutArea\":{\"soldOutText\":\"일시품절\",\"soldout\":false},\"subscriptionPriceArea\":null,\"topBrandArea\":null,\"usedProductArea\":{\"notDisplay\":false},\"vendorItemId\":85093994017,\"wowOnlyInstantDiscountRate\":-1,\"isRlux\":false,\"isFarfetch\":false,\"properties\":{\"promiseDeliveryDate\":\"내일(금) 도착 보장\",\"extendPdd\":false,\"abGroupOfSrpNonWowPriceParity\":\"B\",\"remoteAreaShippingFeeBadge\":\"False\"},\"ab92528SrpIsB\":false,\"ab92528PlpIsB\":false,\"bestArea\":{\"sequence\":7,\"show\":true},\"isWhitelistedSRP\":false,\"bestAward\":null,\"lowStockArea\":null,\"badges\":null,\"useBadges\":false},{\"adBadgeArea\":{\"sponsored\":false,\"adzerkLog\":null,\"showSeparator\":false},\"badgeReorder\":false,\"benefitBadgeArea\":{\"badgeAreaContents\":[]},\"bizOnlyArea\":null,\"cashBackArea\":{\"iconUrl\":\"https://image.coupangcdn.com/image/badges/cashback/web/list-cash-icon@2x.png\",\"cashRewardText\":\"최대 650원 적립\"},\"ccidArea\":null,\"ccidEligible\":false,\"couPickArea\":null,\"couponNudgeStyle\":null,\"couponNudgeText\":null,\"couponTagArea\":null,\"deliveryBadgeArea\":{\"badgeAreaContents\":[]},\"deliverySpeedBadgeArea\":null,\"eligibleFalconArea\":null,\"emptyCcidAndCashback\":false,\"globalArea\":{\"badgeImage\":null,\"countryName\":null,\"show\":false},\"handymanArea\":null,\"imageAndTitleArea\":{\"defaultUrl\":\"//thumbnail.coupangcdn.com/thumbnails/remote/320x320ex/image/vendor_inventory/9922/e0bba215dce8a08833ca58e58fac4ee321255d7dc1950fc83110926737de.jpg\",\"title\":\"락토핏 생유산균 키즈, 120g, 1개\"},\"index\":{\"deliveryInfo\":{\"finalFreeShipOverAmountEx\":{\"amount\":19800}},\"freebie\":null,\"itemId\":18204315043,\"soldOutReason\":null,\"unitPrice\":{\"amount\":10,\"extendedPrice\":{\"money\":{\"amount\":1083,\"currency\":\"KRW\"},\"offset\":0},\"priceEx\":{\"amount\":1083,\"currency\":\"KRW\"},\"unit\":\"g\"}},\"isCeCategory\":false,\"labelArea\":{\"labelAreaContents\":[],\"todayClose\":false},\"legacyProductId\":7201469545,\"link\":\"/vp/products/7201469545?itemId=18204315043\u0026vendorItemId=83397339509\u0026q=유산균\u0026searchId=1a76afe61280463\u0026sourceType=search\u0026itemsCount=36\u0026searchRank=8\u0026rank=8\",\"luxuryNudgeText\":null,\"priceArea\":{\"basePrice\":\"0\",\"discountRate\":0,\"i18nOriginalPrice\":{\"amount\":\"0\",\"rawAmount\":null,\"fractionDigits\":0,\"currency\":\"KRW\"},\"i18nSalesPrice\":{\"amount\":\"12990\",\"rawAmount\":null,\"fractionDigits\":0,\"currency\":\"KRW\"},\"instantDiscountDescription\":\"\",\"price\":\"12,990\",\"shippingFeeDescription\":null,\"badDiscount\":false,\"discountCountDownText\":null,\"discountExpireTime\":null},\"promisedDeliveryDateArea\":{\"contents\":[{\"text\":\"내일(금) \",\"size\":12,\"color\":\"#008C00\",\"bold\":false},{\"text\":\"도착 보장\",\"size\":12,\"color\":\"#008C00\",\"bold\":false}]},\"reviewArea\":{\"ratingAverage\":5,\"ratingCount\":63405,\"ratingRatio\":100},\"rluxBrandNameArea\":{\"show\":false,\"badgeImage\":null,\"brandName\":null,\"rluxAuthText\":null},\"rocketArea\":{\"badgeImage\":{\"iconUrl\":\"https://image.coupangcdn.com/image/rds/delivery_badge_ext/badge_1998ab96bf7.png\"},\"show\":true},\"sequence\":8,\"shippingInfoArea\":{\"contents\":[{\"text\":\"와우는 \",\"size\":12,\"color\":\"#454F5B\",\"bold\":true},{\"text\":\"무료배송 ∙ 무료반품 ∙ 새벽도착\",\"size\":12,\"color\":\"#454F5B\",\"bold\":false}],\"benefits\":null,\"onlyShippedToday\":null},\"snsDiscountRate\":-1,\"soldoutArea\":{\"soldOutText\":\"일시품절\",\"soldout\":false},\"subscriptionPriceArea\":null,\"topBrandArea\":null,\"usedProductArea\":{\"notDisplay\":false},\"vendorItemId\":83397339509,\"wowOnlyInstantDiscountRate\":-1,\"isRlux\":false,\"isFarfetch\":false,\"properties\":{\"promiseDeliveryDate\":\"내일(금) 도착 보장\",\"extendPdd\":false,\"abGroupOfSrpNonWowPriceParity\":\"B\",\"remoteAreaShippingFeeBadge\":\"False\"},\"ab92528SrpIsB\":false,\"ab92528PlpIsB\":false,\"bestArea\":{\"sequence\":8,\"show\":true},\"isWhitelistedSRP\":false,\"bestAward\":null,\"lowStockArea\":null,\"badges\":null,\"useBadges\":false},{\"adBadgeArea\":{\"sponsored\":false,\"adzerkLog\":null,\"showSeparator\":false},\"badgeReorder\":false,\"benefitBadgeArea\":{\"badgeAreaContents\":[]},\"bizOnlyArea\":null,\"cashBackArea\":{\"iconUrl\":\"https://image.coupangcdn.com/image/badges/cashback/web/list-cash-icon@2x.png\",\"cashRewardText\":\"최대 1,725원 적립\"},\"ccidArea\":null,\"ccidEligible\":false,\"couPickArea\":null,\"couponNudgeStyle\":null,\"couponNudgeText\":null,\"couponTagArea\":null,\"deliveryBadgeArea\":{\"badgeAreaContents\":[]},\"deliverySpeedBadgeArea\":null,\"eligibleFalconArea\":null,\"emptyCcidAndCashback\":false,\"globalArea\":{\"badgeImage\":null,\"countryName\":null,\"show\":false},\"handymanArea\":null,\"imageAndTitleArea\":{\"defaultUrl\":\"//thumbnail.coupangcdn.com/thumbnails/remote/320x320ex/image/retail/images/13385630180121-4b8408af-e74a-4483-91b5-2213bf218110.jpg\",\"title\":\"락토핏 골드 80포, 160g, 2개\"},\"index\":{\"deliveryInfo\":{\"finalFreeShipOverAmountEx\":{\"amount\":19800}},\"freebie\":null,\"itemId\":16339998701,\"soldOutReason\":null,\"unitPrice\":{\"amount\":10,\"extendedPrice\":{\"money\":{\"amount\":1078,\"currency\":\"KRW\"},\"offset\":0},\"priceEx\":{\"amount\":1078,\"currency\":\"KRW\"},\"unit\":\"g\"}},\"isCeCategory\":false,\"labelArea\":{\"labelAreaContents\":[],\"todayClose\":false},\"legacyProductId\":7458810098,\"link\":\"/vp/products/7458810098?itemId=16339998701\u0026vendorItemId=4637889521\u0026q=유산균\u0026searchId=1a76afe61280463\u0026sourceType=search\u0026itemsCount=36\u0026searchRank=9\u0026rank=9\",\"luxuryNudgeText\":null,\"priceArea\":{\"basePrice\":\"57,000\",\"discountRate\":39,\"i18nOriginalPrice\":{\"amount\":\"57000\",\"rawAmount\":null,\"fractionDigits\":0,\"currency\":\"KRW\"},\"i18nSalesPrice\":{\"amount\":\"34500\",\"rawAmount\":null,\"fractionDigits\":0,\"currency\":\"KRW\"},\"instantDiscountDescription\":\"\",\"price\":\"34,500\",\"shippingFeeDescription\":null,\"badDiscount\":false,\"discountCountDownText\":null,\"discountExpireTime\":null},\"promisedDeliveryDateArea\":{\"contents\":[{\"text\":\"내일(금) \",\"size\":12,\"color\":\"#008C00\",\"bold\":false},{\"text\":\"도착 보장\",\"size\":12,\"color\":\"#008C00\",\"bold\":false}]},\"reviewArea\":{\"ratingAverage\":5,\"ratingCount\":212428,\"ratingRatio\":100},\"rluxBrandNameArea\":{\"show\":false,\"badgeImage\":null,\"brandName\":null,\"rluxAuthText\":null},\"rocketArea\":{\"badgeImage\":{\"iconUrl\":\"https://image.coupangcdn.com/image/rds/delivery_badge_ext/badge_1998ab96bf7.png\"},\"show\":true},\"sequence\":9,\"shippingInfoArea\":{\"contents\":[{\"text\":\"무료배송\",\"size\":12,\"color\":\"#454F5B\",\"bold\":true}],\"benefits\":null,\"onlyShippedToday\":null},\"snsDiscountRate\":-1,\"soldoutArea\":{\"soldOutText\":\"일시품절\",\"soldout\":false},\"subscriptionPriceArea\":null,\"topBrandArea\":null,\"usedProductArea\":{\"notDisplay\":false},\"vendorItemId\":4637889521,\"wowOnlyInstantDiscountRate\":-1,\"isRlux\":false,\"isFarfetch\":false,\"properties\":{\"promiseDeliveryDate\":\"내일(금) 도착 보장\",\"extendPdd\":false,\"abGroupOfSrpNonWowPriceParity\":\"B\",\"remoteAreaShippingFeeBadge\":\"False\"},\"ab92528SrpIsB\":false,\"ab92528PlpIsB\":false,\"bestArea\":{\"sequence\":9,\"show\":true},\"isWhitelistedSRP\":false,\"bestAward\":null,\"lowStockArea\":null,\"badges\":null,\"useBadges\":false},{\"adBadgeArea\":{\"sponsored\":false,\"adzerkLog\":null,\"showSeparator\":false},\"badgeReorder\":false,\"benefitBadgeArea\":{\"badgeAreaContents\":[]},\"bizOnlyArea\":null,\"cashBackArea\":{\"iconUrl\":\"https://image.coupangcdn.com/image/badges/cashback/web/list-cash-icon@2x.png\",\"cashRewardText\":\"최대 1,590원 적립\"},\"ccidArea\":null,\"ccidEligible\":false,\"couPickArea\":null,\"couponNudgeStyle\":null,\"couponNudgeText\":null,\"couponTagArea\":null,\"deliveryBadgeArea\":{\"badgeAreaContents\":[]},\"deliverySpeedBadgeArea\":null,\"eligibleFalconArea\":null,\"emptyCcidAndCashback\":false,\"globalArea\":{\"badgeImage\":{\"iconUrl\":\"https://image.coupangcdn.com/image/coupang/rds/logo/xhdpi/logo_jikgu_medium.png\",\"iconWidth\":65,\"iconHeight\":16},\"countryName\":\"미국\",\"show\":true},\"handymanArea\":null,\"imageAndTitleArea\":{\"defaultUrl\":\"//thumbnail.coupangcdn.com/thumbnails/remote/320x320ex/image/vendor_inventory/3cea/856ea503f7203b87b85416f873f0486cf04f3f89ab7087fc11724e11c91e.jpg\",\"title\":\"나우푸드 프로바이오틱-10 유산균 250억 베지 캡슐, 100정, 1개\"},\"index\":{\"deliveryInfo\":{\"finalFreeShipOverAmountEx\":{\"amount\":29800}},\"freebie\":null,\"itemId\":12788104766,\"soldOutReason\":null,\"unitPrice\":{\"amount\":1,\"extendedPrice\":{\"money\":{\"amount\":318,\"currency\":\"KRW\"},\"offset\":0},\"priceEx\":{\"amount\":318,\"currency\":\"KRW\"},\"unit\":\"정\"}},\"isCeCategory\":false,\"labelArea\":{\"labelAreaContents\":[],\"todayClose\":false},\"legacyProductId\":2638550,\"link\":\"/vp/products/2638550?itemId=12788104766\u0026vendorItemId=3265972233\u0026q=유산균\u0026searchId=1a76afe61280463\u0026sourceType=search\u0026itemsCount=36\u0026searchRank=10\u0026rank=10\",\"luxuryNudgeText\":null,\"priceArea\":{\"basePrice\":\"53,990\",\"discountRate\":41,\"i18nOriginalPrice\":{\"amount\":\"53990\",\"rawAmount\":null,\"fractionDigits\":0,\"currency\":\"KRW\"},\"i18nSalesPrice\":{\"amount\":\"31790\",\"rawAmount\":null,\"fractionDigits\":0,\"currency\":\"KRW\"},\"instantDiscountDescription\":\"할인\",\"price\":\"31,790\",\"shippingFeeDescription\":null,\"badDiscount\":false,\"discountCountDownText\":null,\"discountExpireTime\":null},\"promisedDeliveryDateArea\":{\"contents\":[{\"text\":\"11/23(일) \",\"size\":12,\"color\":\"#212B36\",\"bold\":false},{\"text\":\"도착 예정\",\"size\":12,\"color\":\"#212B36\",\"bold\":false}]},\"reviewArea\":{\"ratingAverage\":5,\"ratingCount\":15865,\"ratingRatio\":100},\"rluxBrandNameArea\":{\"show\":false,\"badgeImage\":null,\"brandName\":null,\"rluxAuthText\":null},\"rocketArea\":{\"badgeImage\":{\"iconUrl\":\"\"},\"show\":false},\"sequence\":10,\"shippingInfoArea\":{\"contents\":[{\"text\":\"무료배송\",\"size\":12,\"color\":\"#454F5B\",\"bold\":true}],\"benefits\":null,\"onlyShippedToday\":null},\"snsDiscountRate\":-1,\"soldoutArea\":{\"soldOutText\":\"품절\",\"soldout\":false},\"subscriptionPriceArea\":null,\"topBrandArea\":null,\"usedProductArea\":{\"notDisplay\":false},\"vendorItemId\":3265972233,\"wowOnlyInstantDiscountRate\":-1,\"isRlux\":false,\"isFarfetch\":false,\"properties\":{\"promiseDeliveryDate\":\"11/23(일) 도착 예정\",\"extendPdd\":false,\"abGroupOfSrpNonWowPriceParity\":\"B\",\"remoteAreaShippingFeeBadge\":\"False\"},\"ab92528SrpIsB\":false,\"ab92528PlpIsB\":false,\"bestArea\":{\"sequence\":10,\"show\":true},\"isWhitelistedSRP\":false,\"bestAward\":null,\"lowStockArea\":null,\"badges\":null,\"useBadges\":false},{\"adBadgeArea\":{\"sponsored\":false,\"adzerkLog\":null,\"showSeparator\":false},\"badgeReorder\":false,\"benefitBadgeArea\":{\"badgeAreaContents\":[]},\"bizOnlyArea\":null,\"cashBackArea\":{\"iconUrl\":\"https://image.coupangcdn.com/image/badges/cashback/web/list-cash-icon@2x.png\",\"cashRewardText\":\"최대 2,425원 적립\"},\"ccidArea\":null,\"ccidEligible\":false,\"couPickArea\":null,\"couponNudgeStyle\":null,\"couponNudgeText\":null,\"couponTagArea\":null,\"deliveryBadgeArea\":{\"badgeAreaContents\":[]},\"deliverySpeedBadgeArea\":null,\"eligibleFalconArea\":null,\"emptyCcidAndCashback\":false,\"globalArea\":{\"badgeImage\":null,\"countryName\":null,\"show\":false},\"handymanArea\":null,\"imageAndTitleArea\":{\"defaultUrl\":\"//thumbnail.coupangcdn.com/thumbnails/remote/320x320ex/image/retail/images/13419273053982-0e50b8b0-6f0f-4813-9331-12c818f54c69.jpg\",\"title\":\"락토핏 골드 80포, 160g, 3개\"},\"index\":{\"deliveryInfo\":{\"finalFreeShipOverAmountEx\":{\"amount\":19800}},\"freebie\":null,\"itemId\":19378973001,\"soldOutReason\":null,\"unitPrice\":{\"amount\":10,\"extendedPrice\":{\"money\":{\"amount\":1010,\"currency\":\"KRW\"},\"offset\":0},\"priceEx\":{\"amount\":1010,\"currency\":\"KRW\"},\"unit\":\"g\"}},\"isCeCategory\":false,\"labelArea\":{\"labelAreaContents\":[],\"todayClose\":false},\"legacyProductId\":7458810098,\"link\":\"/vp/products/7458810098?itemId=19378973001\u0026vendorItemId=4635121437\u0026q=유산균\u0026searchId=1a76afe61280463\u0026sourceType=search\u0026itemsCount=36\u0026searchRank=11\u0026rank=11\",\"luxuryNudgeText\":null,\"priceArea\":{\"basePrice\":\"85,500\",\"discountRate\":43,\"i18nOriginalPrice\":{\"amount\":\"85500\",\"rawAmount\":null,\"fractionDigits\":0,\"currency\":\"KRW\"},\"i18nSalesPrice\":{\"amount\":\"48500\",\"rawAmount\":null,\"fractionDigits\":0,\"currency\":\"KRW\"},\"instantDiscountDescription\":\"\",\"price\":\"48,500\",\"shippingFeeDescription\":null,\"badDiscount\":false,\"discountCountDownText\":null,\"discountExpireTime\":null},\"promisedDeliveryDateArea\":{\"contents\":[{\"text\":\"내일(금) \",\"size\":12,\"color\":\"#008C00\",\"bold\":false},{\"text\":\"도착 보장\",\"size\":12,\"color\":\"#008C00\",\"bold\":false}]},\"reviewArea\":{\"ratingAverage\":5,\"ratingCount\":212428,\"ratingRatio\":100},\"rluxBrandNameArea\":{\"show\":false,\"badgeImage\":null,\"brandName\":null,\"rluxAuthText\":null},\"rocketArea\":{\"badgeImage\":{\"iconUrl\":\"https://image.coupangcdn.com/image/rds/delivery_badge_ext/badge_1998ab96bf7.png\"},\"show\":true},\"sequence\":11,\"shippingInfoArea\":{\"contents\":[{\"text\":\"무료배송\",\"size\":12,\"color\":\"#454F5B\",\"bold\":true}],\"benefits\":null,\"onlyShippedToday\":null},\"snsDiscountRate\":-1,\"soldoutArea\":{\"soldOutText\":\"일시품절\",\"soldout\":false},\"subscriptionPriceArea\":null,\"topBrandArea\":null,\"usedProductArea\":{\"notDisplay\":false},\"vendorItemId\":4635121437,\"wowOnlyInstantDiscountRate\":-1,\"isRlux\":false,\"isFarfetch\":false,\"properties\":{\"promiseDeliveryDate\":\"내일(금) 도착 보장\",\"extendPdd\":false,\"abGroupOfSrpNonWowPriceParity\":\"B\",\"remoteAreaShippingFeeBadge\":\"False\"},\"ab92528SrpIsB\":false,\"ab92528PlpIsB\":false,\"bestArea\":{\"sequence\":-1,\"show\":false},\"isWhitelistedSRP\":false,\"bestAward\":null,\"lowStockArea\":null,\"badges\":null,\"useBadges\":false},{\"adBadgeArea\":{\"sponsored\":false,\"adzerkLog\":null,\"showSeparator\":false},\"badgeReorder\":false,\"benefitBadgeArea\":{\"badgeAreaContents\":[]},\"bizOnlyArea\":null,\"cashBackArea\":{\"iconUrl\":\"https://image.coupangcdn.com/image/badges/cashback/web/list-cash-icon@2x.png\",\"cashRewardText\":\"최대 2,624원 적립\"},\"ccidArea\":null,\"ccidEligible\":false,\"couPickArea\":null,\"couponNudgeStyle\":null,\"couponNudgeText\":null,\"couponTagArea\":null,\"deliveryBadgeArea\":{\"badgeAreaContents\":[]},\"deliverySpeedBadgeArea\":null,\"eligibleFalconArea\":null,\"emptyCcidAndCashback\":false,\"globalArea\":{\"badgeImage\":null,\"countryName\":null,\"show\":false},\"handymanArea\":null,\"imageAndTitleArea\":{\"defaultUrl\":\"//thumbnail.coupangcdn.com/thumbnails/remote/320x320ex/image/vendor_inventory/338d/103fa46c318593ed8a949ab51cfdbf5db3e364d9e608af90d96d9de28e9d.jpg\",\"title\":\"비에날씬 BNR17 다이어트 유산균 캡슐, 1개, 60정\"},\"index\":{\"deliveryInfo\":{\"finalFreeShipOverAmountEx\":{\"amount\":0}},\"freebie\":null,\"itemId\":25936622488,\"soldOutReason\":null,\"unitPrice\":{\"amount\":1,\"extendedPrice\":{\"money\":{\"amount\":875,\"currency\":\"KRW\"},\"offset\":0},\"priceEx\":{\"amount\":875,\"currency\":\"KRW\"},\"unit\":\"정\"}},\"isCeCategory\":false,\"labelArea\":{\"labelAreaContents\":[],\"todayClose\":false},\"legacyProductId\":8701538469,\"link\":\"/vp/products/8701538469?itemId=25936622488\u0026vendorItemId=91899982615\u0026q=유산균\u0026searchId=1a76afe61280463\u0026sourceType=search\u0026itemsCount=36\u0026searchRank=12\u0026rank=12\",\"luxuryNudgeText\":null,\"priceArea\":{\"basePrice\":\"60,000\",\"discountRate\":12,\"i18nOriginalPrice\":{\"amount\":\"60000\",\"rawAmount\":null,\"fractionDigits\":0,\"currency\":\"KRW\"},\"i18nSalesPrice\":{\"amount\":\"52470\",\"rawAmount\":null,\"fractionDigits\":0,\"currency\":\"KRW\"},\"instantDiscountDescription\":\"\",\"price\":\"52,470\",\"shippingFeeDescription\":null,\"badDiscount\":false,\"discountCountDownText\":null,\"discountExpireTime\":null},\"promisedDeliveryDateArea\":{\"contents\":[{\"text\":\"모레(토) \",\"size\":12,\"color\":\"#212B36\",\"bold\":false},{\"text\":\"도착 예정\",\"size\":12,\"color\":\"#212B36\",\"bold\":false}]},\"reviewArea\":{\"ratingAverage\":4.5,\"ratingCount\":9649,\"ratingRatio\":90},\"rluxBrandNameArea\":{\"show\":false,\"badgeImage\":null,\"brandName\":null,\"rluxAuthText\":null},\"rocketArea\":{\"badgeImage\":{\"iconUrl\":\"\"},\"show\":false},\"sequence\":12,\"shippingInfoArea\":{\"contents\":[{\"text\":\"무료배송 ∙ 오늘출발\",\"size\":12,\"color\":\"#454F5B\",\"bold\":false}],\"benefits\":null,\"onlyShippedToday\":null},\"snsDiscountRate\":-1,\"soldoutArea\":{\"soldOutText\":\"품절\",\"soldout\":false},\"subscriptionPriceArea\":null,\"topBrandArea\":null,\"usedProductArea\":{\"notDisplay\":false},\"vendorItemId\":91899982615,\"wowOnlyInstantDiscountRate\":-1,\"isRlux\":false,\"isFarfetch\":false,\"properties\":{\"promiseDeliveryDate\":\"모레(토) 도착 예정\",\"extendPdd\":false,\"abGroupOfSrpNonWowPriceParity\":\"B\",\"remoteAreaShippingFeeBadge\":\"False\"},\"ab92528SrpIsB\":false,\"ab92528PlpIsB\":false,\"bestArea\":{\"sequence\":-1,\"show\":false},\"isWhitelistedSRP\":false,\"bestAward\":null,\"lowStockArea\":null,\"badges\":null,\"useBadges\":false},{\"adBadgeArea\":{\"sponsored\":false,\"adzerkLog\":null,\"showSeparator\":false},\"badgeReorder\":false,\"benefitBadgeArea\":{\"badgeAreaContents\":[]},\"bizOnlyArea\":null,\"cashBackArea\":{\"iconUrl\":\"https://image.coupangcdn.com/image/badges/cashback/web/list-cash-icon@2x.png\",\"cashRewardText\":\"최대 1,490원 적립\"},\"ccidArea\":null,\"ccidEligible\":false,\"couPickArea\":null,\"couponNudgeStyle\":null,\"couponNudgeText\":null,\"couponTagArea\":null,\"deliveryBadgeArea\":{\"badgeAreaContents\":[]},\"deliverySpeedBadgeArea\":null,\"eligibleFalconArea\":null,\"emptyCcidAndCashback\":false,\"globalArea\":{\"badgeImage\":null,\"countryName\":null,\"show\":false},\"handymanArea\":null,\"imageAndTitleArea\":{\"defaultUrl\":\"//thumbnail.coupangcdn.com/thumbnails/remote/320x320ex/image/retail/images/132787610542910-ea93a5bc-e2cd-46cd-9271-188e275050c0.jpg\",\"title\":\"덴프스 덴마크 유산균이야기, 30정, 2개\"},\"index\":{\"deliveryInfo\":{\"finalFreeShipOverAmountEx\":{\"amount\":19800}},\"freebie\":null,\"itemId\":18741626520,\"soldOutReason\":null,\"unitPrice\":{\"amount\":1,\"extendedPrice\":{\"money\":{\"amount\":497,\"currency\":\"KRW\"},\"offset\":0},\"priceEx\":{\"amount\":497,\"currency\":\"KRW\"},\"unit\":\"정\"}},\"isCeCategory\":false,\"labelArea\":{\"labelAreaContents\":[],\"todayClose\":false},\"legacyProductId\":6063894601,\"link\":\"/vp/products/6063894601?itemId=18741626520\u0026vendorItemId=85873889893\u0026q=유산균\u0026searchId=1a76afe61280463\u0026sourceType=search\u0026itemsCount=36\u0026searchRank=13\u0026rank=13\",\"luxuryNudgeText\":null,\"priceArea\":{\"basePrice\":\"102,000\",\"discountRate\":70,\"i18nOriginalPrice\":{\"amount\":\"102000\",\"rawAmount\":null,\"fractionDigits\":0,\"currency\":\"KRW\"},\"i18nSalesPrice\":{\"amount\":\"29800\",\"rawAmount\":null,\"fractionDigits\":0,\"currency\":\"KRW\"},\"instantDiscountDescription\":\"\",\"price\":\"29,800\",\"shippingFeeDescription\":null,\"badDiscount\":false,\"discountCountDownText\":null,\"discountExpireTime\":null},\"promisedDeliveryDateArea\":{\"contents\":[{\"text\":\"내일(금) \",\"size\":12,\"color\":\"#008C00\",\"bold\":false},{\"text\":\"도착 보장\",\"size\":12,\"color\":\"#008C00\",\"bold\":false}]},\"reviewArea\":{\"ratingAverage\":5,\"ratingCount\":25435,\"ratingRatio\":100},\"rluxBrandNameArea\":{\"show\":false,\"badgeImage\":null,\"brandName\":null,\"rluxAuthText\":null},\"rocketArea\":{\"badgeImage\":{\"iconUrl\":\"https://image.coupangcdn.com/image/rds/delivery_badge_ext/badge_1998ab96bf7.png\"},\"show\":true},\"sequence\":13,\"shippingInfoArea\":{\"contents\":[{\"text\":\"무료배송\",\"size\":12,\"color\":\"#454F5B\",\"bold\":true}],\"benefits\":null,\"onlyShippedToday\":null},\"snsDiscountRate\":-1,\"soldoutArea\":{\"soldOutText\":\"일시품절\",\"soldout\":false},\"subscriptionPriceArea\":null,\"topBrandArea\":null,\"usedProductArea\":{\"notDisplay\":false},\"vendorItemId\":85873889893,\"wowOnlyInstantDiscountRate\":-1,\"isRlux\":false,\"isFarfetch\":false,\"properties\":{\"promiseDeliveryDate\":\"내일(금) 도착 보장\",\"extendPdd\":false,\"abGroupOfSrpNonWowPriceParity\":\"B\",\"remoteAreaShippingFeeBadge\":\"False\"},\"ab92528SrpIsB\":false,\"ab92528PlpIsB\":false,\"bestArea\":{\"sequence\":-1,\"show\":false},\"isWhitelistedSRP\":false,\"bestAward\":{\"bestAwardsBadgeType\":\"best_selling\",\"text\":\"BEST AWARDS\",\"popup\":{\"title\":\"쿠팡 로켓배송 상품 중 \u003cb\u003e2025 상반기\u003c/b\u003e 쿠팡 어워즈를 수상한 제품입니다.\",\"content\":[{\"label\":\"카테고리\",\"text\":\"건강식품 유산균\"},{\"label\":\"수상 부문\",\"text\":\"베스트 셀링\"},{\"label\":\"데이터 집계기간\",\"text\":\"2025.01.01 ~ 2025.05.21\"},{\"label\":\"수상 기준\",\"text\":\"매출, 판매량\"}]}},\"lowStockArea\":null,\"badges\":null,\"useBadges\":false},{\"adBadgeArea\":{\"sponsored\":false,\"adzerkLog\":null,\"showSeparator\":false},\"badgeReorder\":false,\"benefitBadgeArea\":{\"badgeAreaContents\":[]},\"bizOnlyArea\":null,\"cashBackArea\":{\"iconUrl\":\"https://image.coupangcdn.com/image/badges/cashback/web/list-cash-icon@2x.png\",\"cashRewardText\":\"최대 1,364원 적립\"},\"ccidArea\":null,\"ccidEligible\":false,\"couPickArea\":null,\"couponNudgeStyle\":null,\"couponNudgeText\":null,\"couponTagArea\":null,\"deliveryBadgeArea\":{\"badgeAreaContents\":[]},\"deliverySpeedBadgeArea\":null,\"eligibleFalconArea\":null,\"emptyCcidAndCashback\":false,\"globalArea\":{\"badgeImage\":null,\"countryName\":null,\"show\":false},\"handymanArea\":null,\"imageAndTitleArea\":{\"defaultUrl\":\"//thumbnail.coupangcdn.com/thumbnails/remote/320x320ex/image/vendor_inventory/ec82/7e0390fd7d18bc1cff830fe512fe98fc6caf1eef98438e25b6df575a67b9.jpg\",\"title\":\"덴프스 덴마크 유산균이야기 프로, 60정, 1개\"},\"index\":{\"deliveryInfo\":{\"finalFreeShipOverAmountEx\":{\"amount\":19800}},\"freebie\":null,\"itemId\":19680028176,\"soldOutReason\":null,\"unitPrice\":{\"amount\":1,\"extendedPrice\":{\"money\":{\"amount\":479,\"currency\":\"KRW\"},\"offset\":0},\"priceEx\":{\"amount\":479,\"currency\":\"KRW\"},\"unit\":\"정\"}},\"isCeCategory\":false,\"labelArea\":{\"labelAreaContents\":[],\"todayClose\":false},\"legacyProductId\":7510979869,\"link\":\"/vp/products/7510979869?itemId=19680028176\u0026vendorItemId=86785423125\u0026q=유산균\u0026searchId=1a76afe61280463\u0026sourceType=search\u0026itemsCount=36\u0026searchRank=14\u0026rank=14\",\"luxuryNudgeText\":null,\"priceArea\":{\"basePrice\":\"92,000\",\"discountRate\":68,\"i18nOriginalPrice\":{\"amount\":\"92000\",\"rawAmount\":null,\"fractionDigits\":0,\"currency\":\"KRW\"},\"i18nSalesPrice\":{\"amount\":\"28720\",\"rawAmount\":null,\"fractionDigits\":0,\"currency\":\"KRW\"},\"instantDiscountDescription\":\"\",\"price\":\"28,720\",\"shippingFeeDescription\":null,\"badDiscount\":false,\"discountCountDownText\":null,\"discountExpireTime\":null},\"promisedDeliveryDateArea\":{\"contents\":[{\"text\":\"내일(금) 새벽 \",\"size\":12,\"color\":\"#008C00\",\"bold\":false},{\"text\":\"도착 보장\",\"size\":12,\"color\":\"#008C00\",\"bold\":false}]},\"reviewArea\":{\"ratingAverage\":5,\"ratingCount\":1030,\"ratingRatio\":100},\"rluxBrandNameArea\":{\"show\":false,\"badgeImage\":null,\"brandName\":null,\"rluxAuthText\":null},\"rocketArea\":{\"badgeImage\":{\"iconUrl\":\"https://image.coupangcdn.com/image/badges/falcon/v1/web/rocket-fresh@2x.png\"},\"show\":true},\"sequence\":14,\"shippingInfoArea\":null,\"snsDiscountRate\":-1,\"soldoutArea\":{\"soldOutText\":\"일시품절\",\"soldout\":false},\"subscriptionPriceArea\":null,\"topBrandArea\":null,\"usedProductArea\":{\"notDisplay\":false},\"vendorItemId\":86785423125,\"wowOnlyInstantDiscountRate\":-1,\"isRlux\":false,\"isFarfetch\":false,\"properties\":{\"promiseDeliveryDate\":\"내일(금) 새벽 도착 보장\",\"extendPdd\":false,\"abGroupOfSrpNonWowPriceParity\":\"B\",\"remoteAreaShippingFeeBadge\":\"False\"},\"ab92528SrpIsB\":false,\"ab92528PlpIsB\":false,\"bestArea\":{\"sequence\":-1,\"show\":false},\"isWhitelistedSRP\":false,\"bestAward\":null,\"lowStockArea\":null,\"badges\":null,\"useBadges\":false},{\"adBadgeArea\":{\"sponsored\":false,\"adzerkLog\":null,\"showSeparator\":true},\"badgeReorder\":false,\"benefitBadgeArea\":{\"badgeAreaContents\":[{\"css\":\"\",\"title\":\"242원 캐시 적립\",\"id\":\"CASH_AMASSMENT\",\"discountInfo\":null,\"freeDeliveryStandard\":null}]},\"bizOnlyArea\":null,\"cashBackArea\":{\"iconUrl\":\"https://image.coupangcdn.com/image/badges/cashback/web/list-cash-icon@2x.png\",\"cashRewardText\":\"최대 1,210원 적립\"},\"ccidArea\":null,\"ccidEligible\":false,\"couPickArea\":null,\"couponNudgeStyle\":null,\"couponNudgeText\":null,\"couponTagArea\":null,\"deliveryBadgeArea\":{\"badgeAreaContents\":[]},\"deliverySpeedBadgeArea\":null,\"eligibleFalconArea\":null,\"emptyCcidAndCashback\":false,\"globalArea\":{\"badgeImage\":null,\"countryName\":null,\"show\":false},\"handymanArea\":null,\"imageAndTitleArea\":{\"defaultUrl\":\"//thumbnail.coupangcdn.com/thumbnails/remote/320x320ex/image/retail/images/82044939732046-6b43a61d-0f33-49d3-8001-6a339e403e4a.jpg\",\"title\":\"락토핏 생유산균 당케어, 120g, 2개\"},\"index\":{\"deliveryInfo\":{\"finalFreeShipOverAmountEx\":{\"amount\":19800}},\"freebie\":null,\"itemId\":22395890078,\"soldOutReason\":null,\"unitPrice\":{\"amount\":10,\"extendedPrice\":{\"money\":{\"amount\":1008,\"currency\":\"KRW\"},\"offset\":0},\"priceEx\":{\"amount\":1008,\"currency\":\"KRW\"},\"unit\":\"g\"}},\"isCeCategory\":false,\"labelArea\":{\"labelAreaContents\":[],\"todayClose\":false},\"legacyProductId\":7893057219,\"link\":\"/vp/products/7893057219?itemId=22395890078\u0026vendorItemId=89440810283\u0026q=유산균\u0026searchId=1a76afe61280463\u0026sourceType=search\u0026itemsCount=36\u0026searchRank=15\u0026rank=15\",\"luxuryNudgeText\":null,\"priceArea\":{\"basePrice\":\"70,000\",\"discountRate\":65,\"i18nOriginalPrice\":{\"amount\":\"70000\",\"rawAmount\":null,\"fractionDigits\":0,\"currency\":\"KRW\"},\"i18nSalesPrice\":{\"amount\":\"24200\",\"rawAmount\":null,\"fractionDigits\":0,\"currency\":\"KRW\"},\"instantDiscountDescription\":\"\",\"price\":\"24,200\",\"shippingFeeDescription\":null,\"badDiscount\":false,\"discountCountDownText\":null,\"discountExpireTime\":null},\"promisedDeliveryDateArea\":{\"contents\":[{\"text\":\"내일(금) \",\"size\":12,\"color\":\"#008C00\",\"bold\":false},{\"text\":\"도착 보장\",\"size\":12,\"color\":\"#008C00\",\"bold\":false}]},\"reviewArea\":{\"ratingAverage\":5,\"ratingCount\":14241,\"ratingRatio\":100},\"rluxBrandNameArea\":{\"show\":false,\"badgeImage\":null,\"brandName\":null,\"rluxAuthText\":null},\"rocketArea\":{\"badgeImage\":{\"iconUrl\":\"https://image.coupangcdn.com/image/rds/delivery_badge_ext/badge_1998ab96bf7.png\"},\"show\":true},\"sequence\":15,\"shippingInfoArea\":{\"contents\":[{\"text\":\"무료배송\",\"size\":12,\"color\":\"#454F5B\",\"bold\":true}],\"benefits\":null,\"onlyShippedToday\":null},\"snsDiscountRate\":-1,\"soldoutArea\":{\"soldOutText\":\"일시품절\",\"soldout\":false},\"subscriptionPriceArea\":null,\"topBrandArea\":null,\"usedProductArea\":{\"notDisplay\":false},\"vendorItemId\":89440810283,\"wowOnlyInstantDiscountRate\":-1,\"isRlux\":false,\"isFarfetch\":false,\"properties\":{\"promiseDeliveryDate\":\"내일(금) 도착 보장\",\"extendPdd\":false,\"abGroupOfSrpNonWowPriceParity\":\"B\",\"remoteAreaShippingFeeBadge\":\"False\"},\"ab92528SrpIsB\":false,\"ab92528PlpIsB\":false,\"bestArea\":{\"sequence\":-1,\"show\":false},\"isWhitelistedSRP\":false,\"bestAward\":null,\"lowStockArea\":null,\"badges\":null,\"useBadges\":false},{\"adBadgeArea\":{\"sponsored\":false,\"adzerkLog\":null,\"showSeparator\":false},\"badgeReorder\":false,\"benefitBadgeArea\":{\"badgeAreaContents\":[]},\"bizOnlyArea\":null,\"cashBackArea\":{\"iconUrl\":\"https://image.coupangcdn.com/image/badges/cashback/web/list-cash-icon@2x.png\",\"cashRewardText\":\"최대 2,440원 적립\"},\"ccidArea\":null,\"ccidEligible\":false,\"couPickArea\":null,\"couponNudgeStyle\":null,\"couponNudgeText\":null,\"couponTagArea\":null,\"deliveryBadgeArea\":{\"badgeAreaContents\":[]},\"deliverySpeedBadgeArea\":null,\"eligibleFalconArea\":null,\"emptyCcidAndCashback\":false,\"globalArea\":{\"badgeImage\":null,\"countryName\":null,\"show\":false},\"handymanArea\":null,\"imageAndTitleArea\":{\"defaultUrl\":\"//thumbnail.coupangcdn.com/thumbnails/remote/320x320ex/image/retail/images/2162763075796-aae858a9-1686-4837-a278-caf5aa82b19a.jpg\",\"title\":\"엘레나 유산균, 60정, 1개\"},\"index\":{\"deliveryInfo\":{\"finalFreeShipOverAmountEx\":{\"amount\":19800}},\"freebie\":null,\"itemId\":25437050939,\"soldOutReason\":null,\"unitPrice\":{\"amount\":1,\"extendedPrice\":{\"money\":{\"amount\":813,\"currency\":\"KRW\"},\"offset\":0},\"priceEx\":{\"amount\":813,\"currency\":\"KRW\"},\"unit\":\"정\"}},\"isCeCategory\":false,\"labelArea\":{\"labelAreaContents\":[],\"todayClose\":false},\"legacyProductId\":8203806586,\"link\":\"/vp/products/8203806586?itemId=25437050939\u0026vendorItemId=4743694802\u0026q=유산균\u0026searchId=1a76afe61280463\u0026sourceType=search\u0026itemsCount=36\u0026searchRank=16\u0026rank=16\",\"luxuryNudgeText\":null,\"priceArea\":{\"basePrice\":\"0\",\"discountRate\":0,\"i18nOriginalPrice\":{\"amount\":\"0\",\"rawAmount\":null,\"fractionDigits\":0,\"currency\":\"KRW\"},\"i18nSalesPrice\":{\"amount\":\"48800\",\"rawAmount\":null,\"fractionDigits\":0,\"currency\":\"KRW\"},\"instantDiscountDescription\":\"\",\"price\":\"48,800\",\"shippingFeeDescription\":null,\"badDiscount\":false,\"discountCountDownText\":null,\"discountExpireTime\":null},\"promisedDeliveryDateArea\":{\"contents\":[{\"text\":\"내일(금) \",\"size\":12,\"color\":\"#008C00\",\"bold\":false},{\"text\":\"도착 보장\",\"size\":12,\"color\":\"#008C00\",\"bold\":false}]},\"reviewArea\":{\"ratingAverage\":5,\"ratingCount\":21444,\"ratingRatio\":100},\"rluxBrandNameArea\":{\"show\":false,\"badgeImage\":null,\"brandName\":null,\"rluxAuthText\":null},\"rocketArea\":{\"badgeImage\":{\"iconUrl\":\"https://image.coupangcdn.com/image/rds/delivery_badge_ext/badge_1998ab96bf7.png\"},\"show\":true},\"sequence\":16,\"shippingInfoArea\":{\"contents\":[{\"text\":\"무료배송\",\"size\":12,\"color\":\"#454F5B\",\"bold\":true}],\"benefits\":null,\"onlyShippedToday\":null},\"snsDiscountRate\":-1,\"soldoutArea\":{\"soldOutText\":\"일시품절\",\"soldout\":false},\"subscriptionPriceArea\":null,\"topBrandArea\":null,\"usedProductArea\":{\"notDisplay\":false},\"vendorItemId\":4743694802,\"wowOnlyInstantDiscountRate\":-1,\"isRlux\":false,\"isFarfetch\":false,\"properties\":{\"promiseDeliveryDate\":\"내일(금) 도착 보장\",\"extendPdd\":false,\"abGroupOfSrpNonWowPriceParity\":\"B\",\"remoteAreaShippingFeeBadge\":\"False\"},\"ab92528SrpIsB\":false,\"ab92528PlpIsB\":false,\"bestArea\":{\"sequence\":-1,\"show\":false},\"isWhitelistedSRP\":false,\"bestAward\":null,\"lowStockArea\":null,\"badges\":null,\"useBadges\":false},{\"adBadgeArea\":{\"sponsored\":false,\"adzerkLog\":null,\"showSeparator\":false},\"badgeReorder\":false,\"benefitBadgeArea\":{\"badgeAreaContents\":[]},\"bizOnlyArea\":null,\"cashBackArea\":{\"iconUrl\":\"https://image.coupangcdn.com/image/badges/cashback/web/list-cash-icon@2x.png\",\"cashRewardText\":\"최대 1,473원 적립\"},\"ccidArea\":null,\"ccidEligible\":false,\"couPickArea\":null,\"couponNudgeStyle\":null,\"couponNudgeText\":null,\"couponTagArea\":null,\"deliveryBadgeArea\":{\"badgeAreaContents\":[]},\"deliverySpeedBadgeArea\":null,\"eligibleFalconArea\":null,\"emptyCcidAndCashback\":false,\"globalArea\":{\"badgeImage\":null,\"countryName\":null,\"show\":false},\"handymanArea\":null,\"imageAndTitleArea\":{\"defaultUrl\":\"//thumbnail.coupangcdn.com/thumbnails/remote/320x320ex/image/retail/images/79775966261450-f00e43a5-b795-4237-b3b7-93f0a8776376.jpg\",\"title\":\"락토핏 골드 유산균 선물세트, 100g, 3개\"},\"index\":{\"deliveryInfo\":{\"finalFreeShipOverAmountEx\":{\"amount\":19800}},\"freebie\":null,\"itemId\":25231819208,\"soldOutReason\":null,\"unitPrice\":{\"amount\":10,\"extendedPrice\":{\"money\":{\"amount\":982,\"currency\":\"KRW\"},\"offset\":0},\"priceEx\":{\"amount\":982,\"currency\":\"KRW\"},\"unit\":\"g\"}},\"isCeCategory\":false,\"labelArea\":{\"labelAreaContents\":[],\"todayClose\":false},\"legacyProductId\":8184298624,\"link\":\"/vp/products/8184298624?itemId=25231819208\u0026vendorItemId=83397358106\u0026q=유산균\u0026searchId=1a76afe61280463\u0026sourceType=search\u0026itemsCount=36\u0026searchRank=17\u0026rank=17\",\"luxuryNudgeText\":null,\"priceArea\":{\"basePrice\":\"31,000\",\"discountRate\":5,\"i18nOriginalPrice\":{\"amount\":\"31000\",\"rawAmount\":null,\"fractionDigits\":0,\"currency\":\"KRW\"},\"i18nSalesPrice\":{\"amount\":\"29450\",\"rawAmount\":null,\"fractionDigits\":0,\"currency\":\"KRW\"},\"instantDiscountDescription\":\"쿠폰할인\",\"price\":\"29,450\",\"shippingFeeDescription\":null,\"badDiscount\":false,\"discountCountDownText\":null,\"discountExpireTime\":null},\"promisedDeliveryDateArea\":{\"contents\":[{\"text\":\"내일(금) \",\"size\":12,\"color\":\"#008C00\",\"bold\":false},{\"text\":\"도착 보장\",\"size\":12,\"color\":\"#008C00\",\"bold\":false}]},\"reviewArea\":{\"ratingAverage\":5,\"ratingCount\":7151,\"ratingRatio\":100},\"rluxBrandNameArea\":{\"show\":false,\"badgeImage\":null,\"brandName\":null,\"rluxAuthText\":null},\"rocketArea\":{\"badgeImage\":{\"iconUrl\":\"https://image.coupangcdn.com/image/rds/delivery_badge_ext/badge_1998ab96bf7.png\"},\"show\":true},\"sequence\":17,\"shippingInfoArea\":{\"contents\":[{\"text\":\"무료배송\",\"size\":12,\"color\":\"#454F5B\",\"bold\":true}],\"benefits\":null,\"onlyShippedToday\":null},\"snsDiscountRate\":-1,\"soldoutArea\":{\"soldOutText\":\"일시품절\",\"soldout\":false},\"subscriptionPriceArea\":null,\"topBrandArea\":null,\"usedProductArea\":{\"notDisplay\":false},\"vendorItemId\":83397358106,\"wowOnlyInstantDiscountRate\":-1,\"isRlux\":false,\"isFarfetch\":false,\"properties\":{\"promiseDeliveryDate\":\"내일(금) 도착 보장\",\"extendPdd\":false,\"abGroupOfSrpNonWowPriceParity\":\"B\",\"remoteAreaShippingFeeBadge\":\"False\"},\"ab92528SrpIsB\":false,\"ab92528PlpIsB\":false,\"bestArea\":{\"sequence\":-1,\"show\":false},\"isWhitelistedSRP\":false,\"bestAward\":null,\"lowStockArea\":null,\"badges\":null,\"useBadges\":false},{\"adBadgeArea\":{\"sponsored\":false,\"adzerkLog\":null,\"showSeparator\":false},\"badgeReorder\":false,\"benefitBadgeArea\":{\"badgeAreaContents\":[]},\"bizOnlyArea\":null,\"cashBackArea\":{\"iconUrl\":\"https://image.coupangcdn.com/image/badges/cashback/web/list-cash-icon@2x.png\",\"cashRewardText\":\"최대 730원 적립\"},\"ccidArea\":null,\"ccidEligible\":false,\"couPickArea\":null,\"couponNudgeStyle\":null,\"couponNudgeText\":null,\"couponTagArea\":null,\"deliveryBadgeArea\":{\"badgeAreaContents\":[]},\"deliverySpeedBadgeArea\":null,\"eligibleFalconArea\":null,\"emptyCcidAndCashback\":false,\"globalArea\":{\"badgeImage\":null,\"countryName\":null,\"show\":false},\"handymanArea\":null,\"imageAndTitleArea\":{\"defaultUrl\":\"//thumbnail.coupangcdn.com/thumbnails/remote/320x320ex/image/retail/images/344639841701704-65e1bc20-8a2b-4fd7-b027-405500fbd32e.jpg\",\"title\":\"락토핏 솔루션2 예민한 장, 30정, 1개\"},\"index\":{\"deliveryInfo\":{\"finalFreeShipOverAmountEx\":{\"amount\":19800}},\"freebie\":null,\"itemId\":25939172503,\"soldOutReason\":null,\"unitPrice\":{\"amount\":1,\"extendedPrice\":{\"money\":{\"amount\":486,\"currency\":\"KRW\"},\"offset\":0},\"priceEx\":{\"amount\":486,\"currency\":\"KRW\"},\"unit\":\"정\"}},\"isCeCategory\":false,\"labelArea\":{\"labelAreaContents\":[],\"todayClose\":false},\"legacyProductId\":6953914393,\"link\":\"/vp/products/6953914393?itemId=25939172503\u0026vendorItemId=92363060310\u0026q=유산균\u0026searchId=1a76afe61280463\u0026sourceType=search\u0026itemsCount=36\u0026searchRank=18\u0026rank=18\",\"luxuryNudgeText\":null,\"priceArea\":{\"basePrice\":\"29,900\",\"discountRate\":51,\"i18nOriginalPrice\":{\"amount\":\"29900\",\"rawAmount\":null,\"fractionDigits\":0,\"currency\":\"KRW\"},\"i18nSalesPrice\":{\"amount\":\"14590\",\"rawAmount\":null,\"fractionDigits\":0,\"currency\":\"KRW\"},\"instantDiscountDescription\":\"\",\"price\":\"14,590\",\"shippingFeeDescription\":null,\"badDiscount\":false,\"discountCountDownText\":null,\"discountExpireTime\":null},\"promisedDeliveryDateArea\":{\"contents\":[{\"text\":\"내일(금) \",\"size\":12,\"color\":\"#008C00\",\"bold\":false},{\"text\":\"도착 보장\",\"size\":12,\"color\":\"#008C00\",\"bold\":false}]},\"reviewArea\":{\"ratingAverage\":4.5,\"ratingCount\":1425,\"ratingRatio\":90},\"rluxBrandNameArea\":{\"show\":false,\"badgeImage\":null,\"brandName\":null,\"rluxAuthText\":null},\"rocketArea\":{\"badgeImage\":{\"iconUrl\":\"https://image.coupangcdn.com/image/rds/delivery_badge_ext/badge_1998ab96bf7.png\"},\"show\":true},\"sequence\":18,\"shippingInfoArea\":{\"contents\":[{\"text\":\"와우는 \",\"size\":12,\"color\":\"#454F5B\",\"bold\":true},{\"text\":\"무료배송 ∙ 무료반품\",\"size\":12,\"color\":\"#454F5B\",\"bold\":false}],\"benefits\":null,\"onlyShippedToday\":null},\"snsDiscountRate\":-1,\"soldoutArea\":{\"soldOutText\":\"일시품절\",\"soldout\":false},\"subscriptionPriceArea\":null,\"topBrandArea\":null,\"usedProductArea\":{\"notDisplay\":false},\"vendorItemId\":92363060310,\"wowOnlyInstantDiscountRate\":-1,\"isRlux\":false,\"isFarfetch\":false,\"properties\":{\"promiseDeliveryDate\":\"내일(금) 도착 보장\",\"extendPdd\":false,\"abGroupOfSrpNonWowPriceParity\":\"B\",\"remoteAreaShippingFeeBadge\":\"False\"},\"ab92528SrpIsB\":false,\"ab92528PlpIsB\":false,\"bestArea\":{\"sequence\":-1,\"show\":false},\"isWhitelistedSRP\":false,\"bestAward\":null,\"lowStockArea\":null,\"badges\":null,\"useBadges\":false},{\"adBadgeArea\":{\"sponsored\":false,\"adzerkLog\":null,\"showSeparator\":false},\"badgeReorder\":false,\"benefitBadgeArea\":{\"badgeAreaContents\":[]},\"bizOnlyArea\":null,\"cashBackArea\":{\"iconUrl\":\"https://image.coupangcdn.com/image/badges/cashback/web/list-cash-icon@2x.png\",\"cashRewardText\":\"최대 1,299원 적립\"},\"ccidArea\":null,\"ccidEligible\":false,\"couPickArea\":null,\"couponNudgeStyle\":null,\"couponNudgeText\":null,\"couponTagArea\":null,\"deliveryBadgeArea\":{\"badgeAreaContents\":[]},\"deliverySpeedBadgeArea\":null,\"eligibleFalconArea\":null,\"emptyCcidAndCashback\":false,\"globalArea\":{\"badgeImage\":null,\"countryName\":null,\"show\":false},\"handymanArea\":null,\"imageAndTitleArea\":{\"defaultUrl\":\"//thumbnail.coupangcdn.com/thumbnails/remote/320x320ex/image/vendor_inventory/810e/53aae1f633d56b47f8c38b7d5853e61c7c8bec8f49e324cda8cef959114d.jpg\",\"title\":\"락토핏 키즈 유산균, 120g, 2개\"},\"index\":{\"deliveryInfo\":{\"finalFreeShipOverAmountEx\":{\"amount\":19800}},\"freebie\":null,\"itemId\":18204335750,\"soldOutReason\":null,\"unitPrice\":{\"amount\":10,\"extendedPrice\":{\"money\":{\"amount\":1083,\"currency\":\"KRW\"},\"offset\":0},\"priceEx\":{\"amount\":1083,\"currency\":\"KRW\"},\"unit\":\"g\"}},\"isCeCategory\":false,\"labelArea\":{\"labelAreaContents\":[],\"todayClose\":false},\"legacyProductId\":7201469545,\"link\":\"/vp/products/7201469545?itemId=18204335750\u0026vendorItemId=70826469696\u0026q=유산균\u0026searchId=1a76afe61280463\u0026sourceType=search\u0026itemsCount=36\u0026searchRank=19\u0026rank=19\",\"luxuryNudgeText\":null,\"priceArea\":{\"basePrice\":\"49,800\",\"discountRate\":47,\"i18nOriginalPrice\":{\"amount\":\"49800\",\"rawAmount\":null,\"fractionDigits\":0,\"currency\":\"KRW\"},\"i18nSalesPrice\":{\"amount\":\"25980\",\"rawAmount\":null,\"fractionDigits\":0,\"currency\":\"KRW\"},\"instantDiscountDescription\":\"\",\"price\":\"25,980\",\"shippingFeeDescription\":null,\"badDiscount\":false,\"discountCountDownText\":null,\"discountExpireTime\":null},\"promisedDeliveryDateArea\":{\"contents\":[{\"text\":\"내일(금) \",\"size\":12,\"color\":\"#008C00\",\"bold\":false},{\"text\":\"도착 보장\",\"size\":12,\"color\":\"#008C00\",\"bold\":false}]},\"reviewArea\":{\"ratingAverage\":5,\"ratingCount\":63405,\"ratingRatio\":100},\"rluxBrandNameArea\":{\"show\":false,\"badgeImage\":null,\"brandName\":null,\"rluxAuthText\":null},\"rocketArea\":{\"badgeImage\":{\"iconUrl\":\"https://image.coupangcdn.com/image/rds/delivery_badge_ext/badge_1998ab96bf7.png\"},\"show\":true},\"sequence\":19,\"shippingInfoArea\":{\"contents\":[{\"text\":\"무료배송\",\"size\":12,\"color\":\"#454F5B\",\"bold\":true}],\"benefits\":null,\"onlyShippedToday\":null},\"snsDiscountRate\":-1,\"soldoutArea\":{\"soldOutText\":\"일시품절\",\"soldout\":false},\"subscriptionPriceArea\":null,\"topBrandArea\":null,\"usedProductArea\":{\"notDisplay\":false},\"vendorItemId\":70826469696,\"wowOnlyInstantDiscountRate\":-1,\"isRlux\":false,\"isFarfetch\":false,\"properties\":{\"promiseDeliveryDate\":\"내일(금) 도착 보장\",\"extendPdd\":false,\"abGroupOfSrpNonWowPriceParity\":\"B\",\"remoteAreaShippingFeeBadge\":\"False\"},\"ab92528SrpIsB\":false,\"ab92528PlpIsB\":false,\"bestArea\":{\"sequence\":-1,\"show\":false},\"isWhitelistedSRP\":false,\"bestAward\":null,\"lowStockArea\":null,\"badges\":null,\"useBadges\":false},{\"adBadgeArea\":{\"sponsored\":false,\"adzerkLog\":null,\"showSeparator\":false},\"badgeReorder\":false,\"benefitBadgeArea\":{\"badgeAreaContents\":[]},\"bizOnlyArea\":null,\"cashBackArea\":{\"iconUrl\":\"https://image.coupangcdn.com/image/badges/cashback/web/list-cash-icon@2x.png\",\"cashRewardText\":\"최대 1,421원 적립\"},\"ccidArea\":null,\"ccidEligible\":false,\"couPickArea\":null,\"couponNudgeStyle\":null,\"couponNudgeText\":null,\"couponTagArea\":null,\"deliveryBadgeArea\":{\"badgeAreaContents\":[]},\"deliverySpeedBadgeArea\":null,\"eligibleFalconArea\":null,\"emptyCcidAndCashback\":false,\"globalArea\":{\"badgeImage\":null,\"countryName\":null,\"show\":false},\"handymanArea\":null,\"imageAndTitleArea\":{\"defaultUrl\":\"//thumbnail.coupangcdn.com/thumbnails/remote/320x320ex/image/vendor_inventory/cf6f/736492905171fc56ddac0d52c7d11e77bab632aad711641152abcedea679.jpg\",\"title\":\"종근당건강 락토핏생유산균 골드50 150포, 100g, 3개\"},\"index\":{\"deliveryInfo\":{\"finalFreeShipOverAmountEx\":{\"amount\":0}},\"freebie\":null,\"itemId\":19197602226,\"soldOutReason\":null,\"unitPrice\":{\"amount\":10,\"extendedPrice\":{\"money\":{\"amount\":948,\"currency\":\"KRW\"},\"offset\":0},\"priceEx\":{\"amount\":948,\"currency\":\"KRW\"},\"unit\":\"g\"}},\"isCeCategory\":false,\"labelArea\":{\"labelAreaContents\":[],\"todayClose\":false},\"legacyProductId\":7458810098,\"link\":\"/vp/products/7458810098?itemId=19197602226\u0026vendorItemId=84773215450\u0026q=유산균\u0026searchId=1a76afe61280463\u0026sourceType=search\u0026itemsCount=36\u0026searchRank=20\u0026rank=20\",\"luxuryNudgeText\":null,\"priceArea\":{\"basePrice\":\"39,730\",\"discountRate\":28,\"i18nOriginalPrice\":{\"amount\":\"39730\",\"rawAmount\":null,\"fractionDigits\":0,\"currency\":\"KRW\"},\"i18nSalesPrice\":{\"amount\":\"28430\",\"rawAmount\":null,\"fractionDigits\":0,\"currency\":\"KRW\"},\"instantDiscountDescription\":\"할인\",\"price\":\"28,430\",\"shippingFeeDescription\":null,\"badDiscount\":false,\"discountCountDownText\":null,\"discountExpireTime\":1763691000000},\"promisedDeliveryDateArea\":{\"contents\":[{\"text\":\"모레(토) \",\"size\":12,\"color\":\"#212B36\",\"bold\":false},{\"text\":\"도착 예정\",\"size\":12,\"color\":\"#212B36\",\"bold\":false}]},\"reviewArea\":{\"ratingAverage\":5,\"ratingCount\":212428,\"ratingRatio\":100},\"rluxBrandNameArea\":{\"show\":false,\"badgeImage\":null,\"brandName\":null,\"rluxAuthText\":null},\"rocketArea\":{\"badgeImage\":{\"iconUrl\":\"\"},\"show\":false},\"sequence\":20,\"shippingInfoArea\":{\"contents\":[{\"text\":\"무료배송\",\"size\":12,\"color\":\"#454F5B\",\"bold\":false}],\"benefits\":null,\"onlyShippedToday\":null},\"snsDiscountRate\":-1,\"soldoutArea\":{\"soldOutText\":\"품절\",\"soldout\":false},\"subscriptionPriceArea\":null,\"topBrandArea\":null,\"usedProductArea\":{\"notDisplay\":false},\"vendorItemId\":84773215450,\"wowOnlyInstantDiscountRate\":-1,\"isRlux\":false,\"isFarfetch\":false,\"properties\":{\"promiseDeliveryDate\":\"모레(토) 도착 예정\",\"extendPdd\":false,\"abGroupOfSrpNonWowPriceParity\":\"B\",\"remoteAreaShippingFeeBadge\":\"False\"},\"ab92528SrpIsB\":false,\"ab92528PlpIsB\":false,\"bestArea\":{\"sequence\":-1,\"show\":false},\"isWhitelistedSRP\":false,\"bestAward\":null,\"lowStockArea\":null,\"badges\":null,\"useBadges\":false},{\"adBadgeArea\":{\"sponsored\":false,\"adzerkLog\":null,\"showSeparator\":false},\"badgeReorder\":false,\"benefitBadgeArea\":{\"badgeAreaContents\":[]},\"bizOnlyArea\":null,\"cashBackArea\":{\"iconUrl\":\"https://image.coupangcdn.com/image/badges/cashback/web/list-cash-icon@2x.png\",\"cashRewardText\":\"최대 838원 적립\"},\"ccidArea\":null,\"ccidEligible\":false,\"couPickArea\":null,\"couponNudgeStyle\":null,\"couponNudgeText\":null,\"couponTagArea\":null,\"deliveryBadgeArea\":{\"badgeAreaContents\":[]},\"deliverySpeedBadgeArea\":null,\"eligibleFalconArea\":null,\"emptyCcidAndCashback\":false,\"globalArea\":{\"badgeImage\":null,\"countryName\":null,\"show\":false},\"handymanArea\":null,\"imageAndTitleArea\":{\"defaultUrl\":\"//thumbnail.coupangcdn.com/thumbnails/remote/320x320ex/image/retail/images/457793597812478-764e0a48-3933-408b-ac86-d5abc6affdbe.jpg\",\"title\":\"락토핏 슬림 유산균, 120g, 1개\"},\"index\":{\"deliveryInfo\":{\"finalFreeShipOverAmountEx\":{\"amount\":19800}},\"freebie\":null,\"itemId\":16265967325,\"soldOutReason\":null,\"unitPrice\":{\"amount\":10,\"extendedPrice\":{\"money\":{\"amount\":1396,\"currency\":\"KRW\"},\"offset\":0},\"priceEx\":{\"amount\":1396,\"currency\":\"KRW\"},\"unit\":\"g\"}},\"isCeCategory\":false,\"labelArea\":{\"labelAreaContents\":[],\"todayClose\":false},\"legacyProductId\":7198631640,\"link\":\"/vp/products/7198631640?itemId=16265967325\u0026vendorItemId=83458757730\u0026q=유산균\u0026searchId=1a76afe61280463\u0026sourceType=search\u0026itemsCount=36\u0026searchRank=21\u0026rank=21\",\"luxuryNudgeText\":null,\"priceArea\":{\"basePrice\":\"0\",\"discountRate\":0,\"i18nOriginalPrice\":{\"amount\":\"0\",\"rawAmount\":null,\"fractionDigits\":0,\"currency\":\"KRW\"},\"i18nSalesPrice\":{\"amount\":\"16750\",\"rawAmount\":null,\"fractionDigits\":0,\"currency\":\"KRW\"},\"instantDiscountDescription\":\"\",\"price\":\"16,750\",\"shippingFeeDescription\":null,\"badDiscount\":false,\"discountCountDownText\":null,\"discountExpireTime\":null},\"promisedDeliveryDateArea\":{\"contents\":[{\"text\":\"내일(금) \",\"size\":12,\"color\":\"#008C00\",\"bold\":false},{\"text\":\"도착 보장\",\"size\":12,\"color\":\"#008C00\",\"bold\":false}]},\"reviewArea\":{\"ratingAverage\":5,\"ratingCount\":21253,\"ratingRatio\":100},\"rluxBrandNameArea\":{\"show\":false,\"badgeImage\":null,\"brandName\":null,\"rluxAuthText\":null},\"rocketArea\":{\"badgeImage\":{\"iconUrl\":\"https://image.coupangcdn.com/image/rds/delivery_badge_ext/badge_1998ab96bf7.png\"},\"show\":true},\"sequence\":21,\"shippingInfoArea\":{\"contents\":[{\"text\":\"와우는 \",\"size\":12,\"color\":\"#454F5B\",\"bold\":true},{\"text\":\"무료배송 ∙ 무료반품 ∙ 새벽도착\",\"size\":12,\"color\":\"#454F5B\",\"bold\":false}],\"benefits\":null,\"onlyShippedToday\":null},\"snsDiscountRate\":-1,\"soldoutArea\":{\"soldOutText\":\"일시품절\",\"soldout\":false},\"subscriptionPriceArea\":null,\"topBrandArea\":null,\"usedProductArea\":{\"notDisplay\":false},\"vendorItemId\":83458757730,\"wowOnlyInstantDiscountRate\":-1,\"isRlux\":false,\"isFarfetch\":false,\"properties\":{\"promiseDeliveryDate\":\"내일(금) 도착 보장\",\"extendPdd\":false,\"abGroupOfSrpNonWowPriceParity\":\"B\",\"remoteAreaShippingFeeBadge\":\"False\"},\"ab92528SrpIsB\":false,\"ab92528PlpIsB\":false,\"bestArea\":{\"sequence\":-1,\"show\":false},\"isWhitelistedSRP\":false,\"bestAward\":null,\"lowStockArea\":null,\"badges\":null,\"useBadges\":false},{\"adBadgeArea\":{\"sponsored\":false,\"adzerkLog\":null,\"showSeparator\":false},\"badgeReorder\":false,\"benefitBadgeArea\":{\"badgeAreaContents\":[]},\"bizOnlyArea\":null,\"cashBackArea\":{\"iconUrl\":\"https://image.coupangcdn.com/image/badges/cashback/web/list-cash-icon@2x.png\",\"cashRewardText\":\"최대 3,485원 적립\"},\"ccidArea\":null,\"ccidEligible\":false,\"couPickArea\":null,\"couponNudgeStyle\":null,\"couponNudgeText\":null,\"couponTagArea\":null,\"deliveryBadgeArea\":{\"badgeAreaContents\":[]},\"deliverySpeedBadgeArea\":null,\"eligibleFalconArea\":null,\"emptyCcidAndCashback\":false,\"globalArea\":{\"badgeImage\":null,\"countryName\":null,\"show\":false},\"handymanArea\":null,\"imageAndTitleArea\":{\"defaultUrl\":\"//thumbnail.coupangcdn.com/thumbnails/remote/320x320ex/image/vendor_inventory/86a2/6cd8bd3749f00ccfd856c14e9c2880fa97b712716ccb8f79a28499706dd9.png\",\"title\":\"엘레나 UREX 프로바이오틱스 유산균, 90정, 1개\"},\"index\":{\"deliveryInfo\":{\"finalFreeShipOverAmountEx\":{\"amount\":19800}},\"freebie\":null,\"itemId\":14549280070,\"soldOutReason\":null,\"unitPrice\":{\"amount\":1,\"extendedPrice\":{\"money\":{\"amount\":774,\"currency\":\"KRW\"},\"offset\":0},\"priceEx\":{\"amount\":774,\"currency\":\"KRW\"},\"unit\":\"정\"}},\"isCeCategory\":false,\"labelArea\":{\"labelAreaContents\":[],\"todayClose\":false},\"legacyProductId\":8203806586,\"link\":\"/vp/products/8203806586?itemId=14549280070\u0026vendorItemId=93586295727\u0026q=유산균\u0026searchId=1a76afe61280463\u0026sourceType=search\u0026itemsCount=36\u0026searchRank=22\u0026rank=22\",\"luxuryNudgeText\":null,\"priceArea\":{\"basePrice\":\"0\",\"discountRate\":0,\"i18nOriginalPrice\":{\"amount\":\"0\",\"rawAmount\":null,\"fractionDigits\":0,\"currency\":\"KRW\"},\"i18nSalesPrice\":{\"amount\":\"69690\",\"rawAmount\":null,\"fractionDigits\":0,\"currency\":\"KRW\"},\"instantDiscountDescription\":\"\",\"price\":\"69,690\",\"shippingFeeDescription\":null,\"badDiscount\":false,\"discountCountDownText\":null,\"discountExpireTime\":null},\"promisedDeliveryDateArea\":{\"contents\":[{\"text\":\"내일(금) \",\"size\":12,\"color\":\"#008C00\",\"bold\":false},{\"text\":\"도착 보장\",\"size\":12,\"color\":\"#008C00\",\"bold\":false}]},\"reviewArea\":{\"ratingAverage\":5,\"ratingCount\":21444,\"ratingRatio\":100},\"rluxBrandNameArea\":{\"show\":false,\"badgeImage\":null,\"brandName\":null,\"rluxAuthText\":null},\"rocketArea\":{\"badgeImage\":{\"iconUrl\":\"https://image.coupangcdn.com/image/rds/delivery_badge_ext/badge_199559e56f7.png\"},\"show\":true},\"sequence\":22,\"shippingInfoArea\":{\"contents\":[{\"text\":\"무료배송\",\"size\":12,\"color\":\"#454F5B\",\"bold\":true}],\"benefits\":null,\"onlyShippedToday\":null},\"snsDiscountRate\":-1,\"soldoutArea\":{\"soldOutText\":\"품절\",\"soldout\":false},\"subscriptionPriceArea\":null,\"topBrandArea\":null,\"usedProductArea\":{\"notDisplay\":false},\"vendorItemId\":93586295727,\"wowOnlyInstantDiscountRate\":-1,\"isRlux\":false,\"isFarfetch\":false,\"properties\":{\"promiseDeliveryDate\":\"내일(금) 도착 보장\",\"extendPdd\":false,\"abGroupOfSrpNonWowPriceParity\":\"B\",\"remoteAreaShippingFeeBadge\":\"False\"},\"ab92528SrpIsB\":false,\"ab92528PlpIsB\":false,\"bestArea\":{\"sequence\":-1,\"show\":false},\"isWhitelistedSRP\":false,\"bestAward\":null,\"lowStockArea\":null,\"badges\":null,\"useBadges\":false},{\"adBadgeArea\":{\"sponsored\":false,\"adzerkLog\":null,\"showSeparator\":false},\"badgeReorder\":false,\"benefitBadgeArea\":{\"badgeAreaContents\":[]},\"bizOnlyArea\":null,\"cashBackArea\":{\"iconUrl\":\"https://image.coupangcdn.com/image/badges/cashback/web/list-cash-icon@2x.png\",\"cashRewardText\":\"최대 2,950원 적립\"},\"ccidArea\":null,\"ccidEligible\":false,\"couPickArea\":null,\"couponNudgeStyle\":null,\"couponNudgeText\":null,\"couponTagArea\":null,\"deliveryBadgeArea\":{\"badgeAreaContents\":[]},\"deliverySpeedBadgeArea\":null,\"eligibleFalconArea\":null,\"emptyCcidAndCashback\":false,\"globalArea\":{\"badgeImage\":null,\"countryName\":null,\"show\":false},\"handymanArea\":null,\"imageAndTitleArea\":{\"defaultUrl\":\"//thumbnail.coupangcdn.com/thumbnails/remote/320x320ex/image/vendor_inventory/0aa5/87752110b7a71ba842d65a9e7eea272efd26f90ebe67e9a6598c43ba319f.jpg\",\"title\":\"CJ 바이오코어 건강한 생유산균 500억, 60정, 2개\"},\"index\":{\"deliveryInfo\":{\"finalFreeShipOverAmountEx\":{\"amount\":0}},\"freebie\":null,\"itemId\":18819838315,\"soldOutReason\":null,\"unitPrice\":{\"amount\":1,\"extendedPrice\":{\"money\":{\"amount\":492,\"currency\":\"KRW\"},\"offset\":0},\"priceEx\":{\"amount\":492,\"currency\":\"KRW\"},\"unit\":\"정\"}},\"isCeCategory\":false,\"labelArea\":{\"labelAreaContents\":[],\"todayClose\":false},\"legacyProductId\":7180571360,\"link\":\"/vp/products/7180571360?itemId=18819838315\u0026vendorItemId=84993541516\u0026q=유산균\u0026searchId=1a76afe61280463\u0026sourceType=search\u0026itemsCount=36\u0026searchRank=23\u0026rank=23\",\"luxuryNudgeText\":null,\"priceArea\":{\"basePrice\":\"130,000\",\"discountRate\":54,\"i18nOriginalPrice\":{\"amount\":\"130000\",\"rawAmount\":null,\"fractionDigits\":0,\"currency\":\"KRW\"},\"i18nSalesPrice\":{\"amount\":\"59000\",\"rawAmount\":null,\"fractionDigits\":0,\"currency\":\"KRW\"},\"instantDiscountDescription\":\"할인\",\"price\":\"59,000\",\"shippingFeeDescription\":null,\"badDiscount\":false,\"discountCountDownText\":null,\"discountExpireTime\":1763691000000},\"promisedDeliveryDateArea\":{\"contents\":[{\"text\":\"모레(토) \",\"size\":12,\"color\":\"#212B36\",\"bold\":false},{\"text\":\"도착 예정\",\"size\":12,\"color\":\"#212B36\",\"bold\":false}]},\"reviewArea\":{\"ratingAverage\":5,\"ratingCount\":4057,\"ratingRatio\":100},\"rluxBrandNameArea\":{\"show\":false,\"badgeImage\":null,\"brandName\":null,\"rluxAuthText\":null},\"rocketArea\":{\"badgeImage\":{\"iconUrl\":\"\"},\"show\":false},\"sequence\":23,\"shippingInfoArea\":{\"contents\":[{\"text\":\"무료배송 ∙ 오늘출발\",\"size\":12,\"color\":\"#454F5B\",\"bold\":false}],\"benefits\":null,\"onlyShippedToday\":null},\"snsDiscountRate\":-1,\"soldoutArea\":{\"soldOutText\":\"품절\",\"soldout\":false},\"subscriptionPriceArea\":null,\"topBrandArea\":null,\"usedProductArea\":{\"notDisplay\":false},\"vendorItemId\":84993541516,\"wowOnlyInstantDiscountRate\":-1,\"isRlux\":false,\"isFarfetch\":false,\"properties\":{\"promiseDeliveryDate\":\"모레(토) 도착 예정\",\"extendPdd\":false,\"abGroupOfSrpNonWowPriceParity\":\"B\",\"remoteAreaShippingFeeBadge\":\"False\"},\"ab92528SrpIsB\":false,\"ab92528PlpIsB\":false,\"bestArea\":{\"sequence\":-1,\"show\":false},\"isWhitelistedSRP\":false,\"bestAward\":null,\"lowStockArea\":null,\"badges\":null,\"useBadges\":false},{\"adBadgeArea\":{\"sponsored\":false,\"adzerkLog\":null,\"showSeparator\":false},\"badgeReorder\":false,\"benefitBadgeArea\":{\"badgeAreaContents\":[]},\"bizOnlyArea\":null,\"cashBackArea\":{\"iconUrl\":\"https://image.coupangcdn.com/image/badges/cashback/web/list-cash-icon@2x.png\",\"cashRewardText\":\"최대 895원 적립\"},\"ccidArea\":null,\"ccidEligible\":false,\"couPickArea\":null,\"couponNudgeStyle\":null,\"couponNudgeText\":null,\"couponTagArea\":null,\"deliveryBadgeArea\":{\"badgeAreaContents\":[]},\"deliverySpeedBadgeArea\":null,\"eligibleFalconArea\":null,\"emptyCcidAndCashback\":false,\"globalArea\":{\"badgeImage\":null,\"countryName\":null,\"show\":false},\"handymanArea\":null,\"imageAndTitleArea\":{\"defaultUrl\":\"//thumbnail.coupangcdn.com/thumbnails/remote/320x320ex/image/retail/images/2024/08/09/17/8/807fd414-812b-4504-b650-1e289fbe8db7.jpg\",\"title\":\"나우그린 프리미엄 비피더스 100, 30정, 1개\"},\"index\":{\"deliveryInfo\":{\"finalFreeShipOverAmountEx\":{\"amount\":19800}},\"freebie\":null,\"itemId\":23869002865,\"soldOutReason\":null,\"unitPrice\":{\"amount\":1,\"extendedPrice\":{\"money\":{\"amount\":663,\"currency\":\"KRW\"},\"offset\":0},\"priceEx\":{\"amount\":663,\"currency\":\"KRW\"},\"unit\":\"정\"}},\"isCeCategory\":false,\"labelArea\":{\"labelAreaContents\":[],\"todayClose\":false},\"legacyProductId\":8279510233,\"link\":\"/vp/products/8279510233?itemId=23869002865\u0026vendorItemId=90892086477\u0026q=유산균\u0026searchId=1a76afe61280463\u0026sourceType=search\u0026itemsCount=36\u0026searchRank=24\u0026rank=24\",\"luxuryNudgeText\":null,\"priceArea\":{\"basePrice\":\"23,800\",\"discountRate\":16,\"i18nOriginalPrice\":{\"amount\":\"23800\",\"rawAmount\":null,\"fractionDigits\":0,\"currency\":\"KRW\"},\"i18nSalesPrice\":{\"amount\":\"19900\",\"rawAmount\":null,\"fractionDigits\":0,\"currency\":\"KRW\"},\"instantDiscountDescription\":\"\",\"price\":\"19,900\",\"shippingFeeDescription\":null,\"badDiscount\":false,\"discountCountDownText\":null,\"discountExpireTime\":null},\"promisedDeliveryDateArea\":{\"contents\":[{\"text\":\"내일(금) \",\"size\":12,\"color\":\"#008C00\",\"bold\":false},{\"text\":\"도착 보장\",\"size\":12,\"color\":\"#008C00\",\"bold\":false}]},\"reviewArea\":{\"ratingAverage\":5,\"ratingCount\":2475,\"ratingRatio\":100},\"rluxBrandNameArea\":{\"show\":false,\"badgeImage\":null,\"brandName\":null,\"rluxAuthText\":null},\"rocketArea\":{\"badgeImage\":{\"iconUrl\":\"https://image.coupangcdn.com/image/rds/delivery_badge_ext/badge_1998ab96bf7.png\"},\"show\":true},\"sequence\":24,\"shippingInfoArea\":{\"contents\":[{\"text\":\"무료배송\",\"size\":12,\"color\":\"#454F5B\",\"bold\":true}],\"benefits\":null,\"onlyShippedToday\":null},\"snsDiscountRate\":-1,\"soldoutArea\":{\"soldOutText\":\"일시품절\",\"soldout\":false},\"subscriptionPriceArea\":null,\"topBrandArea\":null,\"usedProductArea\":{\"notDisplay\":false},\"vendorItemId\":90892086477,\"wowOnlyInstantDiscountRate\":-1,\"isRlux\":false,\"isFarfetch\":false,\"properties\":{\"promiseDeliveryDate\":\"내일(금) 도착 보장\",\"extendPdd\":false,\"abGroupOfSrpNonWowPriceParity\":\"B\",\"remoteAreaShippingFeeBadge\":\"False\"},\"ab92528SrpIsB\":false,\"ab92528PlpIsB\":false,\"bestArea\":{\"sequence\":-1,\"show\":false},\"isWhitelistedSRP\":false,\"bestAward\":null,\"lowStockArea\":null,\"badges\":null,\"useBadges\":false},{\"adBadgeArea\":{\"sponsored\":false,\"adzerkLog\":null,\"showSeparator\":false},\"badgeReorder\":false,\"benefitBadgeArea\":{\"badgeAreaContents\":[]},\"bizOnlyArea\":null,\"cashBackArea\":{\"iconUrl\":\"https://image.coupangcdn.com/image/badges/cashback/web/list-cash-icon@2x.png\",\"cashRewardText\":\"최대 1,364원 적립\"},\"ccidArea\":null,\"ccidEligible\":false,\"couPickArea\":null,\"couponNudgeStyle\":null,\"couponNudgeText\":null,\"couponTagArea\":null,\"deliveryBadgeArea\":{\"badgeAreaContents\":[]},\"deliverySpeedBadgeArea\":null,\"eligibleFalconArea\":null,\"emptyCcidAndCashback\":false,\"globalArea\":{\"badgeImage\":null,\"countryName\":null,\"show\":false},\"handymanArea\":null,\"imageAndTitleArea\":{\"defaultUrl\":\"//thumbnail.coupangcdn.com/thumbnails/remote/320x320ex/image/vendor_inventory/ec82/7e0390fd7d18bc1cff830fe512fe98fc6caf1eef98438e25b6df575a67b9.jpg\",\"title\":\"덴프스 덴마크 유산균이야기 프로, 60정, 1개\"},\"index\":{\"deliveryInfo\":{\"finalFreeShipOverAmountEx\":{\"amount\":19800}},\"freebie\":null,\"itemId\":20793952009,\"soldOutReason\":null,\"unitPrice\":{\"amount\":1,\"extendedPrice\":{\"money\":{\"amount\":479,\"currency\":\"KRW\"},\"offset\":0},\"priceEx\":{\"amount\":479,\"currency\":\"KRW\"},\"unit\":\"정\"}},\"isCeCategory\":false,\"labelArea\":{\"labelAreaContents\":[],\"todayClose\":false},\"legacyProductId\":7733505934,\"link\":\"/vp/products/7733505934?itemId=20793952009\u0026vendorItemId=84614166472\u0026q=유산균\u0026searchId=1a76afe61280463\u0026sourceType=search\u0026itemsCount=36\u0026searchRank=25\u0026rank=25\",\"luxuryNudgeText\":null,\"priceArea\":{\"basePrice\":\"92,000\",\"discountRate\":68,\"i18nOriginalPrice\":{\"amount\":\"92000\",\"rawAmount\":null,\"fractionDigits\":0,\"currency\":\"KRW\"},\"i18nSalesPrice\":{\"amount\":\"28720\",\"rawAmount\":null,\"fractionDigits\":0,\"currency\":\"KRW\"},\"instantDiscountDescription\":\"\",\"price\":\"28,720\",\"shippingFeeDescription\":null,\"badDiscount\":false,\"discountCountDownText\":null,\"discountExpireTime\":null},\"promisedDeliveryDateArea\":{\"contents\":[{\"text\":\"내일(금) \",\"size\":12,\"color\":\"#008C00\",\"bold\":false},{\"text\":\"도착 보장\",\"size\":12,\"color\":\"#008C00\",\"bold\":false}]},\"reviewArea\":{\"ratingAverage\":5,\"ratingCount\":7160,\"ratingRatio\":100},\"rluxBrandNameArea\":{\"show\":false,\"badgeImage\":null,\"brandName\":null,\"rluxAuthText\":null},\"rocketArea\":{\"badgeImage\":{\"iconUrl\":\"https://image.coupangcdn.com/image/rds/delivery_badge_ext/badge_1998ab96bf7.png\"},\"show\":true},\"sequence\":25,\"shippingInfoArea\":{\"contents\":[{\"text\":\"무료배송\",\"size\":12,\"color\":\"#454F5B\",\"bold\":true}],\"benefits\":null,\"onlyShippedToday\":null},\"snsDiscountRate\":-1,\"soldoutArea\":{\"soldOutText\":\"일시품절\",\"soldout\":false},\"subscriptionPriceArea\":null,\"topBrandArea\":null,\"usedProductArea\":{\"notDisplay\":false},\"vendorItemId\":84614166472,\"wowOnlyInstantDiscountRate\":-1,\"isRlux\":false,\"isFarfetch\":false,\"properties\":{\"promiseDeliveryDate\":\"내일(금) 도착 보장\",\"extendPdd\":false,\"abGroupOfSrpNonWowPriceParity\":\"B\",\"remoteAreaShippingFeeBadge\":\"False\"},\"ab92528SrpIsB\":false,\"ab92528PlpIsB\":false,\"bestArea\":{\"sequence\":-1,\"show\":false},\"isWhitelistedSRP\":false,\"bestAward\":null,\"lowStockArea\":null,\"badges\":null,\"useBadges\":false},{\"adBadgeArea\":{\"sponsored\":false,\"adzerkLog\":null,\"showSeparator\":false},\"badgeReorder\":false,\"benefitBadgeArea\":{\"badgeAreaContents\":[]},\"bizOnlyArea\":null,\"cashBackArea\":{\"iconUrl\":\"https://image.coupangcdn.com/image/badges/cashback/web/list-cash-icon@2x.png\",\"cashRewardText\":\"최대 698원 적립\"},\"ccidArea\":null,\"ccidEligible\":false,\"couPickArea\":null,\"couponNudgeStyle\":null,\"couponNudgeText\":null,\"couponTagArea\":null,\"deliveryBadgeArea\":{\"badgeAreaContents\":[]},\"deliverySpeedBadgeArea\":null,\"eligibleFalconArea\":null,\"emptyCcidAndCashback\":false,\"globalArea\":{\"badgeImage\":null,\"countryName\":null,\"show\":false},\"handymanArea\":null,\"imageAndTitleArea\":{\"defaultUrl\":\"//thumbnail.coupangcdn.com/thumbnails/remote/320x320ex/image/vendor_inventory/image_audit/prod/702e872b-5746-40c0-b6c3-2da2e29a9b43_fixing_v2.png\",\"title\":\"락토온 프로바이오틱스 생유산균 120포, 300g, 1개\"},\"index\":{\"deliveryInfo\":{\"finalFreeShipOverAmountEx\":{\"amount\":0}},\"freebie\":null,\"itemId\":22580297705,\"soldOutReason\":null,\"unitPrice\":{\"amount\":10,\"extendedPrice\":{\"money\":{\"amount\":465,\"currency\":\"KRW\"},\"offset\":0},\"priceEx\":{\"amount\":465,\"currency\":\"KRW\"},\"unit\":\"g\"}},\"isCeCategory\":false,\"labelArea\":{\"labelAreaContents\":[],\"todayClose\":false},\"legacyProductId\":7431776789,\"link\":\"/vp/products/7431776789?itemId=22580297705\u0026vendorItemId=91540021546\u0026q=유산균\u0026searchId=1a76afe61280463\u0026sourceType=search\u0026itemsCount=36\u0026searchRank=26\u0026rank=26\",\"luxuryNudgeText\":null,\"priceArea\":{\"basePrice\":\"20,000\",\"discountRate\":30,\"i18nOriginalPrice\":{\"amount\":\"20000\",\"rawAmount\":null,\"fractionDigits\":0,\"currency\":\"KRW\"},\"i18nSalesPrice\":{\"amount\":\"13950\",\"rawAmount\":null,\"fractionDigits\":0,\"currency\":\"KRW\"},\"instantDiscountDescription\":\"할인\",\"price\":\"13,950\",\"shippingFeeDescription\":null,\"badDiscount\":false,\"discountCountDownText\":\"3일 남음\",\"discountExpireTime\":1763910000000},\"promisedDeliveryDateArea\":{\"contents\":[{\"text\":\"모레(토) \",\"size\":12,\"color\":\"#212B36\",\"bold\":false},{\"text\":\"도착 예정\",\"size\":12,\"color\":\"#212B36\",\"bold\":false}]},\"reviewArea\":{\"ratingAverage\":5,\"ratingCount\":2408,\"ratingRatio\":100},\"rluxBrandNameArea\":{\"show\":false,\"badgeImage\":null,\"brandName\":null,\"rluxAuthText\":null},\"rocketArea\":{\"badgeImage\":{\"iconUrl\":\"\"},\"show\":false},\"sequence\":26,\"shippingInfoArea\":{\"contents\":[{\"text\":\"무료배송 ∙ 오늘출발\",\"size\":12,\"color\":\"#454F5B\",\"bold\":false}],\"benefits\":null,\"onlyShippedToday\":null},\"snsDiscountRate\":-1,\"soldoutArea\":{\"soldOutText\":\"품절\",\"soldout\":false},\"subscriptionPriceArea\":null,\"topBrandArea\":null,\"usedProductArea\":{\"notDisplay\":false},\"vendorItemId\":91540021546,\"wowOnlyInstantDiscountRate\":-1,\"isRlux\":false,\"isFarfetch\":false,\"properties\":{\"promiseDeliveryDate\":\"모레(토) 도착 예정\",\"extendPdd\":false,\"abGroupOfSrpNonWowPriceParity\":\"B\",\"remoteAreaShippingFeeBadge\":\"False\"},\"ab92528SrpIsB\":false,\"ab92528PlpIsB\":false,\"bestArea\":{\"sequence\":-1,\"show\":false},\"isWhitelistedSRP\":false,\"bestAward\":null,\"lowStockArea\":null,\"badges\":null,\"useBadges\":false},{\"adBadgeArea\":{\"sponsored\":false,\"adzerkLog\":null,\"showSeparator\":true},\"badgeReorder\":false,\"benefitBadgeArea\":{\"badgeAreaContents\":[{\"css\":\"\",\"title\":\"326원 캐시 적립\",\"id\":\"CASH_AMASSMENT\",\"discountInfo\":null,\"freeDeliveryStandard\":null}]},\"bizOnlyArea\":null,\"cashBackArea\":{\"iconUrl\":\"https://image.coupangcdn.com/image/badges/cashback/web/list-cash-icon@2x.png\",\"cashRewardText\":\"최대 1,634원 적립\"},\"ccidArea\":null,\"ccidEligible\":false,\"couPickArea\":null,\"couponNudgeStyle\":null,\"couponNudgeText\":null,\"couponTagArea\":null,\"deliveryBadgeArea\":{\"badgeAreaContents\":[]},\"deliverySpeedBadgeArea\":null,\"eligibleFalconArea\":null,\"emptyCcidAndCashback\":false,\"globalArea\":{\"badgeImage\":null,\"countryName\":null,\"show\":false},\"handymanArea\":null,\"imageAndTitleArea\":{\"defaultUrl\":\"//thumbnail.coupangcdn.com/thumbnails/remote/320x320ex/image/retail/images/551991288652272-d572a09d-37e5-4546-a26f-376df95a11fb.jpg\",\"title\":\"락토핏 당케어 유산균, 120g, 3개\"},\"index\":{\"deliveryInfo\":{\"finalFreeShipOverAmountEx\":{\"amount\":19800}},\"freebie\":null,\"itemId\":23742644972,\"soldOutReason\":null,\"unitPrice\":{\"amount\":10,\"extendedPrice\":{\"money\":{\"amount\":908,\"currency\":\"KRW\"},\"offset\":0},\"priceEx\":{\"amount\":908,\"currency\":\"KRW\"},\"unit\":\"g\"}},\"isCeCategory\":false,\"labelArea\":{\"labelAreaContents\":[],\"todayClose\":false},\"legacyProductId\":7893057219,\"link\":\"/vp/products/7893057219?itemId=23742644972\u0026vendorItemId=89440810281\u0026q=유산균\u0026searchId=1a76afe61280463\u0026sourceType=search\u0026itemsCount=36\u0026searchRank=27\u0026rank=27\",\"luxuryNudgeText\":null,\"priceArea\":{\"basePrice\":\"105,000\",\"discountRate\":68,\"i18nOriginalPrice\":{\"amount\":\"105000\",\"rawAmount\":null,\"fractionDigits\":0,\"currency\":\"KRW\"},\"i18nSalesPrice\":{\"amount\":\"32670\",\"rawAmount\":null,\"fractionDigits\":0,\"currency\":\"KRW\"},\"instantDiscountDescription\":\"쿠폰할인\",\"price\":\"32,670\",\"shippingFeeDescription\":null,\"badDiscount\":false,\"discountCountDownText\":null,\"discountExpireTime\":null},\"promisedDeliveryDateArea\":{\"contents\":[{\"text\":\"내일(금) \",\"size\":12,\"color\":\"#008C00\",\"bold\":false},{\"text\":\"도착 보장\",\"size\":12,\"color\":\"#008C00\",\"bold\":false}]},\"reviewArea\":{\"ratingAverage\":5,\"ratingCount\":14241,\"ratingRatio\":100},\"rluxBrandNameArea\":{\"show\":false,\"badgeImage\":null,\"brandName\":null,\"rluxAuthText\":null},\"rocketArea\":{\"badgeImage\":{\"iconUrl\":\"https://image.coupangcdn.com/image/rds/delivery_badge_ext/badge_1998ab96bf7.png\"},\"show\":true},\"sequence\":27,\"shippingInfoArea\":{\"contents\":[{\"text\":\"무료배송\",\"size\":12,\"color\":\"#454F5B\",\"bold\":true}],\"benefits\":null,\"onlyShippedToday\":null},\"snsDiscountRate\":-1,\"soldoutArea\":{\"soldOutText\":\"일시품절\",\"soldout\":false},\"subscriptionPriceArea\":null,\"topBrandArea\":null,\"usedProductArea\":{\"notDisplay\":false},\"vendorItemId\":89440810281,\"wowOnlyInstantDiscountRate\":-1,\"isRlux\":false,\"isFarfetch\":false,\"properties\":{\"promiseDeliveryDate\":\"내일(금) 도착 보장\",\"extendPdd\":false,\"abGroupOfSrpNonWowPriceParity\":\"B\",\"remoteAreaShippingFeeBadge\":\"False\"},\"ab92528SrpIsB\":false,\"ab92528PlpIsB\":false,\"bestArea\":{\"sequence\":-1,\"show\":false},\"isWhitelistedSRP\":false,\"bestAward\":null,\"lowStockArea\":null,\"badges\":null,\"useBadges\":false},{\"adBadgeArea\":{\"sponsored\":false,\"adzerkLog\":null,\"showSeparator\":false},\"badgeReorder\":false,\"benefitBadgeArea\":{\"badgeAreaContents\":[]},\"bizOnlyArea\":null,\"cashBackArea\":{\"iconUrl\":\"https://image.coupangcdn.com/image/badges/cashback/web/list-cash-icon@2x.png\",\"cashRewardText\":\"최대 1,614원 적립\"},\"ccidArea\":null,\"ccidEligible\":false,\"couPickArea\":null,\"couponNudgeStyle\":null,\"couponNudgeText\":null,\"couponTagArea\":null,\"deliveryBadgeArea\":{\"badgeAreaContents\":[]},\"deliverySpeedBadgeArea\":null,\"eligibleFalconArea\":null,\"emptyCcidAndCashback\":false,\"globalArea\":{\"badgeImage\":null,\"countryName\":null,\"show\":false},\"handymanArea\":null,\"imageAndTitleArea\":{\"defaultUrl\":\"//thumbnail.coupangcdn.com/thumbnails/remote/320x320ex/image/retail/images/1143494337651525-cb11855f-1775-4f3f-b957-9b596d3f7a16.jpg\",\"title\":\"락토핏 키즈 유산균, 120g, 3개\"},\"index\":{\"deliveryInfo\":{\"finalFreeShipOverAmountEx\":{\"amount\":19800}},\"freebie\":null,\"itemId\":18204296291,\"soldOutReason\":null,\"unitPrice\":{\"amount\":10,\"extendedPrice\":{\"money\":{\"amount\":897,\"currency\":\"KRW\"},\"offset\":0},\"priceEx\":{\"amount\":897,\"currency\":\"KRW\"},\"unit\":\"g\"}},\"isCeCategory\":false,\"labelArea\":{\"labelAreaContents\":[],\"todayClose\":false},\"legacyProductId\":7201469545,\"link\":\"/vp/products/7201469545?itemId=18204296291\u0026vendorItemId=85072692918\u0026q=유산균\u0026searchId=1a76afe61280463\u0026sourceType=search\u0026itemsCount=36\u0026searchRank=28\u0026rank=28\",\"luxuryNudgeText\":null,\"priceArea\":{\"basePrice\":\"0\",\"discountRate\":0,\"i18nOriginalPrice\":{\"amount\":\"0\",\"rawAmount\":null,\"fractionDigits\":0,\"currency\":\"KRW\"},\"i18nSalesPrice\":{\"amount\":\"32280\",\"rawAmount\":null,\"fractionDigits\":0,\"currency\":\"KRW\"},\"instantDiscountDescription\":\"\",\"price\":\"32,280\",\"shippingFeeDescription\":null,\"badDiscount\":false,\"discountCountDownText\":null,\"discountExpireTime\":null},\"promisedDeliveryDateArea\":{\"contents\":[{\"text\":\"내일(금) \",\"size\":12,\"color\":\"#008C00\",\"bold\":false},{\"text\":\"도착 보장\",\"size\":12,\"color\":\"#008C00\",\"bold\":false}]},\"reviewArea\":{\"ratingAverage\":5,\"ratingCount\":63405,\"ratingRatio\":100},\"rluxBrandNameArea\":{\"show\":false,\"badgeImage\":null,\"brandName\":null,\"rluxAuthText\":null},\"rocketArea\":{\"badgeImage\":{\"iconUrl\":\"https://image.coupangcdn.com/image/rds/delivery_badge_ext/badge_1998ab96bf7.png\"},\"show\":true},\"sequence\":28,\"shippingInfoArea\":{\"contents\":[{\"text\":\"무료배송\",\"size\":12,\"color\":\"#454F5B\",\"bold\":true}],\"benefits\":null,\"onlyShippedToday\":null},\"snsDiscountRate\":-1,\"soldoutArea\":{\"soldOutText\":\"일시품절\",\"soldout\":false},\"subscriptionPriceArea\":null,\"topBrandArea\":null,\"usedProductArea\":{\"notDisplay\":false},\"vendorItemId\":85072692918,\"wowOnlyInstantDiscountRate\":-1,\"isRlux\":false,\"isFarfetch\":false,\"properties\":{\"promiseDeliveryDate\":\"내일(금) 도착 보장\",\"extendPdd\":false,\"abGroupOfSrpNonWowPriceParity\":\"B\",\"remoteAreaShippingFeeBadge\":\"False\"},\"ab92528SrpIsB\":false,\"ab92528PlpIsB\":false,\"bestArea\":{\"sequence\":-1,\"show\":false},\"isWhitelistedSRP\":false,\"bestAward\":null,\"lowStockArea\":null,\"badges\":null,\"useBadges\":false},{\"adBadgeArea\":{\"sponsored\":false,\"adzerkLog\":null,\"showSeparator\":false},\"badgeReorder\":false,\"benefitBadgeArea\":{\"badgeAreaContents\":[]},\"bizOnlyArea\":null,\"cashBackArea\":{\"iconUrl\":\"https://image.coupangcdn.com/image/badges/cashback/web/list-cash-icon@2x.png\",\"cashRewardText\":\"최대 780원 적립\"},\"ccidArea\":null,\"ccidEligible\":false,\"couPickArea\":null,\"couponNudgeStyle\":null,\"couponNudgeText\":null,\"couponTagArea\":null,\"deliveryBadgeArea\":{\"badgeAreaContents\":[]},\"deliverySpeedBadgeArea\":null,\"eligibleFalconArea\":null,\"emptyCcidAndCashback\":false,\"globalArea\":{\"badgeImage\":null,\"countryName\":null,\"show\":false},\"handymanArea\":null,\"imageAndTitleArea\":{\"defaultUrl\":\"//thumbnail.coupangcdn.com/thumbnails/remote/320x320ex/image/vendor_inventory/4df0/39f3fbcbaf06aaddcb0734ce7872dd61ed8e89ec50b86da26c9725b82df9.jpg\",\"title\":\"서울약사신협 프로바이오틱스 생유산균 골드, 250g, 1개\"},\"index\":{\"deliveryInfo\":{\"finalFreeShipOverAmountEx\":{\"amount\":0}},\"freebie\":null,\"itemId\":17971874223,\"soldOutReason\":null,\"unitPrice\":{\"amount\":10,\"extendedPrice\":{\"money\":{\"amount\":630,\"currency\":\"KRW\"},\"offset\":0},\"priceEx\":{\"amount\":630,\"currency\":\"KRW\"},\"unit\":\"g\"}},\"isCeCategory\":false,\"labelArea\":{\"labelAreaContents\":[],\"todayClose\":false},\"legacyProductId\":7201475105,\"link\":\"/vp/products/7201475105?itemId=17971874223\u0026vendorItemId=93359741980\u0026q=유산균\u0026searchId=1a76afe61280463\u0026sourceType=search\u0026itemsCount=36\u0026searchRank=29\u0026rank=29\",\"luxuryNudgeText\":null,\"priceArea\":{\"basePrice\":\"21,900\",\"discountRate\":28,\"i18nOriginalPrice\":{\"amount\":\"21900\",\"rawAmount\":null,\"fractionDigits\":0,\"currency\":\"KRW\"},\"i18nSalesPrice\":{\"amount\":\"15750\",\"rawAmount\":null,\"fractionDigits\":0,\"currency\":\"KRW\"},\"instantDiscountDescription\":\"할인\",\"price\":\"15,750\",\"shippingFeeDescription\":null,\"badDiscount\":false,\"discountCountDownText\":null,\"discountExpireTime\":null},\"promisedDeliveryDateArea\":{\"contents\":[{\"text\":\"모레(토) \",\"size\":12,\"color\":\"#212B36\",\"bold\":false},{\"text\":\"도착 예정\",\"size\":12,\"color\":\"#212B36\",\"bold\":false}]},\"reviewArea\":{\"ratingAverage\":5,\"ratingCount\":6225,\"ratingRatio\":100},\"rluxBrandNameArea\":{\"show\":false,\"badgeImage\":null,\"brandName\":null,\"rluxAuthText\":null},\"rocketArea\":{\"badgeImage\":{\"iconUrl\":\"\"},\"show\":false},\"sequence\":29,\"shippingInfoArea\":{\"contents\":[{\"text\":\"무료배송 ∙ 오늘출발\",\"size\":12,\"color\":\"#454F5B\",\"bold\":false}],\"benefits\":null,\"onlyShippedToday\":null},\"snsDiscountRate\":-1,\"soldoutArea\":{\"soldOutText\":\"품절\",\"soldout\":false},\"subscriptionPriceArea\":null,\"topBrandArea\":null,\"usedProductArea\":{\"notDisplay\":false},\"vendorItemId\":93359741980,\"wowOnlyInstantDiscountRate\":-1,\"isRlux\":false,\"isFarfetch\":false,\"properties\":{\"promiseDeliveryDate\":\"모레(토) 도착 예정\",\"extendPdd\":false,\"abGroupOfSrpNonWowPriceParity\":\"B\",\"remoteAreaShippingFeeBadge\":\"False\"},\"ab92528SrpIsB\":false,\"ab92528PlpIsB\":false,\"bestArea\":{\"sequence\":-1,\"show\":false},\"isWhitelistedSRP\":false,\"bestAward\":null,\"lowStockArea\":null,\"badges\":null,\"useBadges\":false},{\"adBadgeArea\":{\"sponsored\":false,\"adzerkLog\":null,\"showSeparator\":false},\"badgeReorder\":false,\"benefitBadgeArea\":{\"badgeAreaContents\":[]},\"bizOnlyArea\":null,\"cashBackArea\":{\"iconUrl\":\"https://image.coupangcdn.com/image/badges/cashback/web/list-cash-icon@2x.png\",\"cashRewardText\":\"최대 2,290원 적립\"},\"ccidArea\":null,\"ccidEligible\":false,\"couPickArea\":null,\"couponNudgeStyle\":null,\"couponNudgeText\":null,\"couponTagArea\":null,\"deliveryBadgeArea\":{\"badgeAreaContents\":[]},\"deliverySpeedBadgeArea\":null,\"eligibleFalconArea\":null,\"emptyCcidAndCashback\":false,\"globalArea\":{\"badgeImage\":null,\"countryName\":null,\"show\":false},\"handymanArea\":null,\"imageAndTitleArea\":{\"defaultUrl\":\"//thumbnail.coupangcdn.com/thumbnails/remote/320x320ex/image/vendor_inventory/d263/ba2e605902d5f7924d9148c38e6a46da133206779f7b40f35502dc0753ad.jpg\",\"title\":\"덴프스 덴마크 유산균이야기 60캡슐, 60정, 2박스\"},\"index\":{\"deliveryInfo\":{\"finalFreeShipOverAmountEx\":{\"amount\":0}},\"freebie\":null,\"itemId\":26528746007,\"soldOutReason\":null,\"unitPrice\":{\"amount\":1,\"extendedPrice\":{\"money\":{\"amount\":382,\"currency\":\"KRW\"},\"offset\":0},\"priceEx\":{\"amount\":382,\"currency\":\"KRW\"},\"unit\":\"정\"}},\"isCeCategory\":false,\"labelArea\":{\"labelAreaContents\":[],\"todayClose\":false},\"legacyProductId\":7835608908,\"link\":\"/vp/products/7835608908?itemId=26528746007\u0026vendorItemId=94123560957\u0026q=유산균\u0026searchId=1a76afe61280463\u0026sourceType=search\u0026itemsCount=36\u0026searchRank=30\u0026rank=30\",\"luxuryNudgeText\":null,\"priceArea\":{\"basePrice\":\"0\",\"discountRate\":0,\"i18nOriginalPrice\":{\"amount\":\"0\",\"rawAmount\":null,\"fractionDigits\":0,\"currency\":\"KRW\"},\"i18nSalesPrice\":{\"amount\":\"45790\",\"rawAmount\":null,\"fractionDigits\":0,\"currency\":\"KRW\"},\"instantDiscountDescription\":\"\",\"price\":\"45,790\",\"shippingFeeDescription\":null,\"badDiscount\":false,\"discountCountDownText\":null,\"discountExpireTime\":null},\"promisedDeliveryDateArea\":{\"contents\":[{\"text\":\"모레(토) \",\"size\":12,\"color\":\"#212B36\",\"bold\":false},{\"text\":\"도착 예정\",\"size\":12,\"color\":\"#212B36\",\"bold\":false}]},\"reviewArea\":{\"ratingAverage\":5,\"ratingCount\":20815,\"ratingRatio\":100},\"rluxBrandNameArea\":{\"show\":false,\"badgeImage\":null,\"brandName\":null,\"rluxAuthText\":null},\"rocketArea\":{\"badgeImage\":{\"iconUrl\":\"\"},\"show\":false},\"sequence\":30,\"shippingInfoArea\":{\"contents\":[{\"text\":\"무료배송 ∙ 오늘출발\",\"size\":12,\"color\":\"#454F5B\",\"bold\":false}],\"benefits\":null,\"onlyShippedToday\":null},\"snsDiscountRate\":-1,\"soldoutArea\":{\"soldOutText\":\"품절\",\"soldout\":false},\"subscriptionPriceArea\":null,\"topBrandArea\":null,\"usedProductArea\":{\"notDisplay\":false},\"vendorItemId\":94123560957,\"wowOnlyInstantDiscountRate\":-1,\"isRlux\":false,\"isFarfetch\":false,\"properties\":{\"promiseDeliveryDate\":\"모레(토) 도착 예정\",\"extendPdd\":false,\"abGroupOfSrpNonWowPriceParity\":\"B\",\"remoteAreaShippingFeeBadge\":\"False\"},\"ab92528SrpIsB\":false,\"ab92528PlpIsB\":false,\"bestArea\":{\"sequence\":-1,\"show\":false},\"isWhitelistedSRP\":false,\"bestAward\":null,\"lowStockArea\":null,\"badges\":null,\"useBadges\":false},{\"adBadgeArea\":{\"sponsored\":false,\"adzerkLog\":null,\"showSeparator\":false},\"badgeReorder\":false,\"benefitBadgeArea\":{\"badgeAreaContents\":[]},\"bizOnlyArea\":null,\"cashBackArea\":{\"iconUrl\":\"https://image.coupangcdn.com/image/badges/cashback/web/list-cash-icon@2x.png\",\"cashRewardText\":\"최대 1,126원 적립\"},\"ccidArea\":null,\"ccidEligible\":false,\"couPickArea\":null,\"couponNudgeStyle\":null,\"couponNudgeText\":null,\"couponTagArea\":null,\"deliveryBadgeArea\":{\"badgeAreaContents\":[]},\"deliverySpeedBadgeArea\":null,\"eligibleFalconArea\":null,\"emptyCcidAndCashback\":false,\"globalArea\":{\"badgeImage\":null,\"countryName\":null,\"show\":false},\"handymanArea\":null,\"imageAndTitleArea\":{\"defaultUrl\":\"//thumbnail.coupangcdn.com/thumbnails/remote/320x320ex/image/retail/images/3410697474262907-78b72742-0030-4e1c-b081-5ab05ccaf773.jpg\",\"title\":\"지큐랩 100억 생유산균 골드, 60정, 1개\"},\"index\":{\"deliveryInfo\":{\"finalFreeShipOverAmountEx\":{\"amount\":19800}},\"freebie\":null,\"itemId\":23695709478,\"soldOutReason\":null,\"unitPrice\":{\"amount\":1,\"extendedPrice\":{\"money\":{\"amount\":375,\"currency\":\"KRW\"},\"offset\":0},\"priceEx\":{\"amount\":375,\"currency\":\"KRW\"},\"unit\":\"정\"}},\"isCeCategory\":false,\"labelArea\":{\"labelAreaContents\":[],\"todayClose\":false},\"legacyProductId\":8232473970,\"link\":\"/vp/products/8232473970?itemId=23695709478\u0026vendorItemId=71966623886\u0026q=유산균\u0026searchId=1a76afe61280463\u0026sourceType=search\u0026itemsCount=36\u0026searchRank=31\u0026rank=31\",\"luxuryNudgeText\":null,\"priceArea\":{\"basePrice\":\"0\",\"discountRate\":0,\"i18nOriginalPrice\":{\"amount\":\"0\",\"rawAmount\":null,\"fractionDigits\":0,\"currency\":\"KRW\"},\"i18nSalesPrice\":{\"amount\":\"22520\",\"rawAmount\":null,\"fractionDigits\":0,\"currency\":\"KRW\"},\"instantDiscountDescription\":\"\",\"price\":\"22,520\",\"shippingFeeDescription\":null,\"badDiscount\":false,\"discountCountDownText\":null,\"discountExpireTime\":null},\"promisedDeliveryDateArea\":{\"contents\":[{\"text\":\"내일(금) \",\"size\":12,\"color\":\"#008C00\",\"bold\":false},{\"text\":\"도착 보장\",\"size\":12,\"color\":\"#008C00\",\"bold\":false}]},\"reviewArea\":{\"ratingAverage\":5,\"ratingCount\":13987,\"ratingRatio\":100},\"rluxBrandNameArea\":{\"show\":false,\"badgeImage\":null,\"brandName\":null,\"rluxAuthText\":null},\"rocketArea\":{\"badgeImage\":{\"iconUrl\":\"https://image.coupangcdn.com/image/rds/delivery_badge_ext/badge_1998ab96bf7.png\"},\"show\":true},\"sequence\":31,\"shippingInfoArea\":{\"contents\":[{\"text\":\"무료배송\",\"size\":12,\"color\":\"#454F5B\",\"bold\":true}],\"benefits\":null,\"onlyShippedToday\":null},\"snsDiscountRate\":-1,\"soldoutArea\":{\"soldOutText\":\"일시품절\",\"soldout\":false},\"subscriptionPriceArea\":null,\"topBrandArea\":null,\"usedProductArea\":{\"notDisplay\":false},\"vendorItemId\":71966623886,\"wowOnlyInstantDiscountRate\":-1,\"isRlux\":false,\"isFarfetch\":false,\"properties\":{\"promiseDeliveryDate\":\"내일(금) 도착 보장\",\"extendPdd\":false,\"abGroupOfSrpNonWowPriceParity\":\"B\",\"remoteAreaShippingFeeBadge\":\"False\"},\"ab92528SrpIsB\":false,\"ab92528PlpIsB\":false,\"bestArea\":{\"sequence\":-1,\"show\":false},\"isWhitelistedSRP\":false,\"bestAward\":null,\"lowStockArea\":null,\"badges\":null,\"useBadges\":false},{\"adBadgeArea\":{\"sponsored\":false,\"adzerkLog\":null,\"showSeparator\":false},\"badgeReorder\":false,\"benefitBadgeArea\":{\"badgeAreaContents\":[]},\"bizOnlyArea\":null,\"cashBackArea\":{\"iconUrl\":\"https://image.coupangcdn.com/image/badges/cashback/web/list-cash-icon@2x.png\",\"cashRewardText\":\"최대 1,235원 적립\"},\"ccidArea\":null,\"ccidEligible\":false,\"couPickArea\":null,\"couponNudgeStyle\":null,\"couponNudgeText\":null,\"couponTagArea\":null,\"deliveryBadgeArea\":{\"badgeAreaContents\":[]},\"deliverySpeedBadgeArea\":null,\"eligibleFalconArea\":null,\"emptyCcidAndCashback\":false,\"globalArea\":{\"badgeImage\":null,\"countryName\":null,\"show\":false},\"handymanArea\":null,\"imageAndTitleArea\":{\"defaultUrl\":\"//thumbnail.coupangcdn.com/thumbnails/remote/320x320ex/image/retail/images/80966358595446-cde4ad0a-aed2-48cd-a7ab-4d5179ffe1c3.jpg\",\"title\":\"락토핏 코어 유산균 60p, 120g, 2개\"},\"index\":{\"deliveryInfo\":{\"finalFreeShipOverAmountEx\":{\"amount\":19800}},\"freebie\":null,\"itemId\":21793283596,\"soldOutReason\":null,\"unitPrice\":{\"amount\":10,\"extendedPrice\":{\"money\":{\"amount\":1029,\"currency\":\"KRW\"},\"offset\":0},\"priceEx\":{\"amount\":1029,\"currency\":\"KRW\"},\"unit\":\"g\"}},\"isCeCategory\":false,\"labelArea\":{\"labelAreaContents\":[],\"todayClose\":false},\"legacyProductId\":5498533952,\"link\":\"/vp/products/5498533952?itemId=21793283596\u0026vendorItemId=85093993993\u0026q=유산균\u0026searchId=1a76afe61280463\u0026sourceType=search\u0026itemsCount=36\u0026searchRank=32\u0026rank=32\",\"luxuryNudgeText\":null,\"priceArea\":{\"basePrice\":\"0\",\"discountRate\":0,\"i18nOriginalPrice\":{\"amount\":\"0\",\"rawAmount\":null,\"fractionDigits\":0,\"currency\":\"KRW\"},\"i18nSalesPrice\":{\"amount\":\"24700\",\"rawAmount\":null,\"fractionDigits\":0,\"currency\":\"KRW\"},\"instantDiscountDescription\":\"\",\"price\":\"24,700\",\"shippingFeeDescription\":null,\"badDiscount\":false,\"discountCountDownText\":null,\"discountExpireTime\":null},\"promisedDeliveryDateArea\":{\"contents\":[{\"text\":\"내일(금) \",\"size\":12,\"color\":\"#008C00\",\"bold\":false},{\"text\":\"도착 보장\",\"size\":12,\"color\":\"#008C00\",\"bold\":false}]},\"reviewArea\":{\"ratingAverage\":5,\"ratingCount\":70106,\"ratingRatio\":100},\"rluxBrandNameArea\":{\"show\":false,\"badgeImage\":null,\"brandName\":null,\"rluxAuthText\":null},\"rocketArea\":{\"badgeImage\":{\"iconUrl\":\"https://image.coupangcdn.com/image/rds/delivery_badge_ext/badge_1998ab96bf7.png\"},\"show\":true},\"sequence\":32,\"shippingInfoArea\":{\"contents\":[{\"text\":\"무료배송\",\"size\":12,\"color\":\"#454F5B\",\"bold\":true}],\"benefits\":null,\"onlyShippedToday\":null},\"snsDiscountRate\":-1,\"soldoutArea\":{\"soldOutText\":\"일시품절\",\"soldout\":false},\"subscriptionPriceArea\":null,\"topBrandArea\":null,\"usedProductArea\":{\"notDisplay\":false},\"vendorItemId\":85093993993,\"wowOnlyInstantDiscountRate\":-1,\"isRlux\":false,\"isFarfetch\":false,\"properties\":{\"promiseDeliveryDate\":\"내일(금) 도착 보장\",\"extendPdd\":false,\"abGroupOfSrpNonWowPriceParity\":\"B\",\"remoteAreaShippingFeeBadge\":\"False\"},\"ab92528SrpIsB\":false,\"ab92528PlpIsB\":false,\"bestArea\":{\"sequence\":-1,\"show\":false},\"isWhitelistedSRP\":false,\"bestAward\":null,\"lowStockArea\":null,\"badges\":null,\"useBadges\":false},{\"adBadgeArea\":{\"sponsored\":false,\"adzerkLog\":null,\"showSeparator\":false},\"badgeReorder\":false,\"benefitBadgeArea\":{\"badgeAreaContents\":[]},\"bizOnlyArea\":null,\"cashBackArea\":{\"iconUrl\":\"https://image.coupangcdn.com/image/badges/cashback/web/list-cash-icon@2x.png\",\"cashRewardText\":\"최대 3,581원 적립\"},\"ccidArea\":null,\"ccidEligible\":false,\"couPickArea\":null,\"couponNudgeStyle\":null,\"couponNudgeText\":null,\"couponTagArea\":null,\"deliveryBadgeArea\":{\"badgeAreaContents\":[]},\"deliverySpeedBadgeArea\":null,\"eligibleFalconArea\":null,\"emptyCcidAndCashback\":false,\"globalArea\":{\"badgeImage\":{\"iconUrl\":\"https://image.coupangcdn.com/image/coupang/rds/logo/xhdpi/logo_jikgu_medium.png\",\"iconWidth\":65,\"iconHeight\":16},\"countryName\":\"미국\",\"show\":true},\"handymanArea\":null,\"imageAndTitleArea\":{\"defaultUrl\":\"//thumbnail.coupangcdn.com/thumbnails/remote/320x320ex/image/vendor_inventory/9a60/509070e855d54bf1c857fd87c0213649043e232d4a8c4877f2048852f4a8.jpeg\",\"title\":\"재로우 펨 도필러스 유산균 서플먼트 10억 CFU 베지 캡슐, 60정, 2개\"},\"index\":{\"deliveryInfo\":{\"finalFreeShipOverAmountEx\":{\"amount\":29800}},\"freebie\":null,\"itemId\":24215241874,\"soldOutReason\":null,\"unitPrice\":{\"amount\":1,\"extendedPrice\":{\"money\":{\"amount\":597,\"currency\":\"KRW\"},\"offset\":0},\"priceEx\":{\"amount\":597,\"currency\":\"KRW\"},\"unit\":\"정\"}},\"isCeCategory\":false,\"labelArea\":{\"labelAreaContents\":[],\"todayClose\":false},\"legacyProductId\":8336583914,\"link\":\"/vp/products/8336583914?itemId=24215241874\u0026vendorItemId=70524758059\u0026q=유산균\u0026searchId=1a76afe61280463\u0026sourceType=search\u0026itemsCount=36\u0026searchRank=33\u0026rank=33\",\"luxuryNudgeText\":null,\"priceArea\":{\"basePrice\":\"79,580\",\"discountRate\":10,\"i18nOriginalPrice\":{\"amount\":\"79580\",\"rawAmount\":null,\"fractionDigits\":0,\"currency\":\"KRW\"},\"i18nSalesPrice\":{\"amount\":\"71620\",\"rawAmount\":null,\"fractionDigits\":0,\"currency\":\"KRW\"},\"instantDiscountDescription\":\"할인\",\"price\":\"71,620\",\"shippingFeeDescription\":null,\"badDiscount\":false,\"discountCountDownText\":null,\"discountExpireTime\":null},\"promisedDeliveryDateArea\":{\"contents\":[{\"text\":\"11/23(일) \",\"size\":12,\"color\":\"#212B36\",\"bold\":false},{\"text\":\"도착 예정\",\"size\":12,\"color\":\"#212B36\",\"bold\":false}]},\"reviewArea\":{\"ratingAverage\":5,\"ratingCount\":75960,\"ratingRatio\":100},\"rluxBrandNameArea\":{\"show\":false,\"badgeImage\":null,\"brandName\":null,\"rluxAuthText\":null},\"rocketArea\":{\"badgeImage\":{\"iconUrl\":\"\"},\"show\":false},\"sequence\":33,\"shippingInfoArea\":{\"contents\":[{\"text\":\"무료배송\",\"size\":12,\"color\":\"#454F5B\",\"bold\":true}],\"benefits\":null,\"onlyShippedToday\":null},\"snsDiscountRate\":-1,\"soldoutArea\":{\"soldOutText\":\"품절\",\"soldout\":false},\"subscriptionPriceArea\":null,\"topBrandArea\":null,\"usedProductArea\":{\"notDisplay\":false},\"vendorItemId\":70524758059,\"wowOnlyInstantDiscountRate\":-1,\"isRlux\":false,\"isFarfetch\":false,\"properties\":{\"promiseDeliveryDate\":\"11/23(일) 도착 예정\",\"extendPdd\":false,\"abGroupOfSrpNonWowPriceParity\":\"B\",\"remoteAreaShippingFeeBadge\":\"False\"},\"ab92528SrpIsB\":false,\"ab92528PlpIsB\":false,\"bestArea\":{\"sequence\":-1,\"show\":false},\"isWhitelistedSRP\":false,\"bestAward\":null,\"lowStockArea\":null,\"badges\":null,\"useBadges\":false},{\"adBadgeArea\":{\"sponsored\":false,\"adzerkLog\":null,\"showSeparator\":false},\"badgeReorder\":false,\"benefitBadgeArea\":{\"badgeAreaContents\":[]},\"bizOnlyArea\":null,\"cashBackArea\":{\"iconUrl\":\"https://image.coupangcdn.com/image/badges/cashback/web/list-cash-icon@2x.png\",\"cashRewardText\":\"최대 1,035원 적립\"},\"ccidArea\":null,\"ccidEligible\":false,\"couPickArea\":null,\"couponNudgeStyle\":null,\"couponNudgeText\":null,\"couponTagArea\":null,\"deliveryBadgeArea\":{\"badgeAreaContents\":[]},\"deliverySpeedBadgeArea\":null,\"eligibleFalconArea\":null,\"emptyCcidAndCashback\":false,\"globalArea\":{\"badgeImage\":null,\"countryName\":null,\"show\":false},\"handymanArea\":null,\"imageAndTitleArea\":{\"defaultUrl\":\"//thumbnail.coupangcdn.com/thumbnails/remote/320x320ex/image/vendor_inventory/1a93/d2b03ee138a0c2dac66a5a1b27e1deffe58e85e1a5c0b552088c0d0e2588.jpg\",\"title\":\"종근당건당 락토핏 생유산균 골드 프로바이오틱스, 100g, 2개\"},\"index\":{\"deliveryInfo\":{\"finalFreeShipOverAmountEx\":{\"amount\":0}},\"freebie\":null,\"itemId\":16502371453,\"soldOutReason\":null,\"unitPrice\":{\"amount\":10,\"extendedPrice\":{\"money\":{\"amount\":1035,\"currency\":\"KRW\"},\"offset\":0},\"priceEx\":{\"amount\":1035,\"currency\":\"KRW\"},\"unit\":\"g\"}},\"isCeCategory\":false,\"labelArea\":{\"labelAreaContents\":[],\"todayClose\":false},\"legacyProductId\":7458810098,\"link\":\"/vp/products/7458810098?itemId=16502371453\u0026vendorItemId=91704307899\u0026q=유산균\u0026searchId=1a76afe61280463\u0026sourceType=search\u0026itemsCount=36\u0026searchRank=34\u0026rank=34\",\"luxuryNudgeText\":null,\"priceArea\":{\"basePrice\":\"0\",\"discountRate\":0,\"i18nOriginalPrice\":{\"amount\":\"0\",\"rawAmount\":null,\"fractionDigits\":0,\"currency\":\"KRW\"},\"i18nSalesPrice\":{\"amount\":\"20690\",\"rawAmount\":null,\"fractionDigits\":0,\"currency\":\"KRW\"},\"instantDiscountDescription\":\"\",\"price\":\"20,690\",\"shippingFeeDescription\":null,\"badDiscount\":false,\"discountCountDownText\":null,\"discountExpireTime\":null},\"promisedDeliveryDateArea\":{\"contents\":[{\"text\":\"모레(토) \",\"size\":12,\"color\":\"#212B36\",\"bold\":false},{\"text\":\"도착 예정\",\"size\":12,\"color\":\"#212B36\",\"bold\":false}]},\"reviewArea\":{\"ratingAverage\":5,\"ratingCount\":212428,\"ratingRatio\":100},\"rluxBrandNameArea\":{\"show\":false,\"badgeImage\":null,\"brandName\":null,\"rluxAuthText\":null},\"rocketArea\":{\"badgeImage\":{\"iconUrl\":\"\"},\"show\":false},\"sequence\":34,\"shippingInfoArea\":{\"contents\":[{\"text\":\"무료배송\",\"size\":12,\"color\":\"#454F5B\",\"bold\":false}],\"benefits\":null,\"onlyShippedToday\":null},\"snsDiscountRate\":-1,\"soldoutArea\":{\"soldOutText\":\"품절\",\"soldout\":false},\"subscriptionPriceArea\":null,\"topBrandArea\":null,\"usedProductArea\":{\"notDisplay\":false},\"vendorItemId\":91704307899,\"wowOnlyInstantDiscountRate\":-1,\"isRlux\":false,\"isFarfetch\":false,\"properties\":{\"promiseDeliveryDate\":\"모레(토) 도착 예정\",\"extendPdd\":false,\"abGroupOfSrpNonWowPriceParity\":\"B\",\"remoteAreaShippingFeeBadge\":\"False\"},\"ab92528SrpIsB\":false,\"ab92528PlpIsB\":false,\"bestArea\":{\"sequence\":-1,\"show\":false},\"isWhitelistedSRP\":false,\"bestAward\":null,\"lowStockArea\":null,\"badges\":null,\"useBadges\":false},{\"adBadgeArea\":{\"sponsored\":false,\"adzerkLog\":null,\"showSeparator\":false},\"badgeReorder\":false,\"benefitBadgeArea\":{\"badgeAreaContents\":[]},\"bizOnlyArea\":null,\"cashBackArea\":{\"iconUrl\":\"https://image.coupangcdn.com/image/badges/cashback/web/list-cash-icon@2x.png\",\"cashRewardText\":\"최대 2,495원 적립\"},\"ccidArea\":null,\"ccidEligible\":false,\"couPickArea\":null,\"couponNudgeStyle\":null,\"couponNudgeText\":null,\"couponTagArea\":null,\"deliveryBadgeArea\":{\"badgeAreaContents\":[]},\"deliverySpeedBadgeArea\":null,\"eligibleFalconArea\":null,\"emptyCcidAndCashback\":false,\"globalArea\":{\"badgeImage\":null,\"countryName\":null,\"show\":false},\"handymanArea\":null,\"imageAndTitleArea\":{\"defaultUrl\":\"//thumbnail.coupangcdn.com/thumbnails/remote/320x320ex/image/retail/images/27726983813937-41cdce49-958d-4b6d-9435-80c6204a7412.jpg\",\"title\":\"드시모네 프로바이오틱스 캡슐 플러스 1000억 40.2g, 60정, 1개\"},\"index\":{\"deliveryInfo\":{\"finalFreeShipOverAmountEx\":{\"amount\":19800}},\"freebie\":null,\"itemId\":21009511284,\"soldOutReason\":null,\"unitPrice\":{\"amount\":1,\"extendedPrice\":{\"money\":{\"amount\":832,\"currency\":\"KRW\"},\"offset\":0},\"priceEx\":{\"amount\":832,\"currency\":\"KRW\"},\"unit\":\"정\"}},\"isCeCategory\":false,\"labelArea\":{\"labelAreaContents\":[],\"todayClose\":false},\"legacyProductId\":7776826657,\"link\":\"/vp/products/7776826657?itemId=21009511284\u0026vendorItemId=88073158563\u0026q=유산균\u0026searchId=1a76afe61280463\u0026sourceType=search\u0026itemsCount=36\u0026searchRank=35\u0026rank=35\",\"luxuryNudgeText\":null,\"priceArea\":{\"basePrice\":\"0\",\"discountRate\":0,\"i18nOriginalPrice\":{\"amount\":\"0\",\"rawAmount\":null,\"fractionDigits\":0,\"currency\":\"KRW\"},\"i18nSalesPrice\":{\"amount\":\"49900\",\"rawAmount\":null,\"fractionDigits\":0,\"currency\":\"KRW\"},\"instantDiscountDescription\":\"\",\"price\":\"49,900\",\"shippingFeeDescription\":null,\"badDiscount\":false,\"discountCountDownText\":null,\"discountExpireTime\":null},\"promisedDeliveryDateArea\":{\"contents\":[{\"text\":\"내일(금) 새벽 \",\"size\":12,\"color\":\"#008C00\",\"bold\":false},{\"text\":\"도착 보장\",\"size\":12,\"color\":\"#008C00\",\"bold\":false}]},\"reviewArea\":{\"ratingAverage\":5,\"ratingCount\":560,\"ratingRatio\":100},\"rluxBrandNameArea\":{\"show\":false,\"badgeImage\":null,\"brandName\":null,\"rluxAuthText\":null},\"rocketArea\":{\"badgeImage\":{\"iconUrl\":\"https://image.coupangcdn.com/image/badges/falcon/v1/web/rocket-fresh@2x.png\"},\"show\":true},\"sequence\":35,\"shippingInfoArea\":null,\"snsDiscountRate\":-1,\"soldoutArea\":{\"soldOutText\":\"일시품절\",\"soldout\":false},\"subscriptionPriceArea\":null,\"topBrandArea\":null,\"usedProductArea\":{\"notDisplay\":false},\"vendorItemId\":88073158563,\"wowOnlyInstantDiscountRate\":-1,\"isRlux\":false,\"isFarfetch\":false,\"properties\":{\"promiseDeliveryDate\":\"내일(금) 새벽 도착 보장\",\"extendPdd\":false,\"abGroupOfSrpNonWowPriceParity\":\"B\",\"remoteAreaShippingFeeBadge\":\"False\"},\"ab92528SrpIsB\":false,\"ab92528PlpIsB\":false,\"bestArea\":{\"sequence\":-1,\"show\":false},\"isWhitelistedSRP\":false,\"bestAward\":null,\"lowStockArea\":null,\"badges\":null,\"useBadges\":false}]}]\n"])</script><script>self.__next_f.push([1,"1e:[\"$\",\"$L2e\",null,{\"productIds\":[7257246284,7458810098,6063894601]}]\n1f:[\"$\",\"$L2f\",null,{\"keyword\":\"유산균\",\"productIds\":[7257246284,7458810098,6063894601,7626263931,8336583914,7956476557,5498533952,5498533952,7201469545,7458810098,2638550,7458810098,8701538469,6063894601,7510979869,7893057219,8203806586,8184298624,6953914393,7201469545,7458810098,7198631640,8203806586,7180571360,8279510233,7733505934,7431776789,7893057219,7201469545,7201475105,7835608908,8232473970,5498533952,8336583914,7458810098,7776826657]}]\n20:[\"$\",\"$L30\",null,{\"keyword\":\"유산균\"}]\n"])</script><script>self.__next_f.push([1,"12:[\"$\",\"html\",null,{\"lang\":\"ko-KR\",\"children\":[[\"$\",\"head\",null,{\"children\":[[[\"$\",\"meta\",null,{\"name\":\"viewport\",\"content\":\"width=device-width, initial-scale=1.0, maximum-scale=1.0, user-scalable=0\"}],[\"$\",\"meta\",null,{\"name\":\"format-detection\",\"content\":\"telephone=no, date=no, email=no, address=no\"}],[\"$\",\"link\",null,{\"rel\":\"shortcut icon\",\"href\":\"https://image7.coupangcdn.com/image/coupang/favicon/favicon.ico\",\"type\":\"image/x-icon\"}],[\"$\",\"link\",null,{\"rel\":\"apple-touch-icon\",\"href\":\"https://image10.coupangcdn.com/image/mobile/v3/web_favicon.png\"}],[\"$\",\"meta\",null,{\"httpEquiv\":\"x-dns-prefetch-control\",\"content\":\"on\"}],[\"$\",\"link\",null,{\"rel\":\"dns-prefetch\",\"href\":\"//assets.coupang.com\"}],[\"$\",\"link\",null,{\"rel\":\"dns-prefetch\",\"href\":\"//assets2.coupang.com\"}],[\"$\",\"link\",null,{\"rel\":\"dns-prefetch\",\"href\":\"//assets.coupangcdn.com\"}],[\"$\",\"link\",null,{\"rel\":\"dns-prefetch\",\"href\":\"//asset1.coupangcdn.com\"}],[\"$\",\"link\",null,{\"rel\":\"dns-prefetch\",\"href\":\"//private.coupang.com\"}],[\"$\",\"link\",null,{\"rel\":\"dns-prefetch\",\"href\":\"//img1a.coupangcdn.com\"}],[\"$\",\"link\",null,{\"rel\":\"dns-prefetch\",\"href\":\"//image1.coupangcdn.com\"}],[\"$\",\"link\",null,{\"rel\":\"dns-prefetch\",\"href\":\"//thumbnail1.coupangcdn.com\"}],[\"$\",\"link\",null,{\"rel\":\"dns-prefetch\",\"href\":\"//static.coupangcdn.com\"}],[\"$\",\"link\",null,{\"rel\":\"dns-prefetch\",\"href\":\"//www.facebook.com\"}],[\"$\",\"link\",null,{\"rel\":\"dns-prefetch\",\"href\":\"//www.google.com\"}],[\"$\",\"link\",null,{\"rel\":\"dns-prefetch\",\"href\":\"//www.google.co.kr\"}],[\"$\",\"link\",null,{\"rel\":\"dns-prefetch\",\"href\":\"//stats.g.doubleclick.net\"}],[\"$\",\"link\",null,{\"rel\":\"dns-prefetch\",\"href\":\"//connect.facebook.net\"}]],[[[[\"$\",\"title\",null,{\"children\":\"쿠팡이 추천하는 유산균 관련 혜택과 특가\"}],[\"$\",\"meta\",null,{\"name\":\"description\",\"content\":\"쿠팡이 추천하는 유산균 특가를 만나보세요. 로켓 와우회원은 다양한 할인과 무료 배송 및 반품 혜택도 누릴 수 있어요.\"}],[\"$\",\"meta\",null,{\"property\":\"og:title\",\"content\":\"쿠팡이 추천하는 유산균 관련 혜택과 특가\"}],[\"$\",\"meta\",null,{\"property\":\"og:description\",\"content\":\"쿠팡이 추천하는 유산균 특가를 만나보세요. 로켓 와우회원은 다양한 할인과 무료 배송 및 반품 혜택도 누릴 수 있어요.\"}]],[[\"$\",\"meta\",null,{\"property\":\"og:image\",\"content\":\"https://image10.coupangcdn.com/image/mobile/v3/img_fb_like.png\"}],[\"$\",\"meta\",null,{\"property\":\"og:type\",\"content\":\"website\"}],[\"$\",\"meta\",null,{\"property\":\"og:site_name\",\"content\":\"쿠팡\"}],[\"$\",\"meta\",null,{\"property\":\"og:locale\",\"content\":\"ko_KR\"}],false,false],false,[\"$\",\"meta\",null,{\"property\":\"og:url\",\"content\":\"https://www.coupang.com/np/search?q=유산균\"}],[\"$\",\"link\",null,{\"rel\":\"canonical\",\"href\":\"https://www.coupang.com/np/search?q=유산균\"}]],false],[\"$\",\"script\",null,{\"children\":\"\\n          window['__web_adapter_queue__']=[];\\n          window['__weblog_args__']={\\\"pageName\\\":\\\"srp\\\",\\\"domain\\\":\\\"srp\\\"};\\n          window['__jslog_args__']={\\\"applicationId\\\":\\\"srp\\\",\\\"instanceId\\\":\\\"prod-green-6d94576c7d-j47wq\\\"};\\n        \"}]]}],[\"$\",\"body\",null,{\"className\":\"fw-overflow-x-hidden fw-font-apple-gothic\",\"data-domain\":\"SRP\",\"children\":\"$L31\"}]]}]\n"])</script><script>self.__next_f.push([1,"32:I[5567,[\"6433\",\"static/chunks/6433-2b3c1896c9922a6c.js\",\"4489\",\"static/chunks/4489-68b5cdfa7740d8d5.js\",\"2905\",\"static/chunks/2905-183edaf3c9af19f8.js\",\"433\",\"static/chunks/433-7eb6db1c4ef3a8d0.js\",\"3784\",\"static/chunks/3784-650ceecbaa85bc84.js\",\"175\",\"static/chunks/175-86b0232924e66eea.js\",\"4889\",\"static/chunks/4889-31329f7675f517a5.js\",\"7025\",\"static/chunks/7025-bcf8390421c7865f.js\",\"3886\",\"static/chunks/app/srp/page-6965a3ae7ffad19e.js\"],\"WebReliabilityBeacon\"]\n33:I[82144,[\"6433\",\"static/chunks/6433-2b3c1896c9922a6c.js\",\"4489\",\"static/chunks/4489-68b5cdfa7740d8d5.js\",\"2905\",\"static/chunks/2905-183edaf3c9af19f8.js\",\"433\",\"static/chunks/433-7eb6db1c4ef3a8d0.js\",\"3784\",\"static/chunks/3784-650ceecbaa85bc84.js\",\"175\",\"static/chunks/175-86b0232924e66eea.js\",\"4889\",\"static/chunks/4889-31329f7675f517a5.js\",\"7025\",\"static/chunks/7025-bcf8390421c7865f.js\",\"3886\",\"static/chunks/app/srp/page-6965a3ae7ffad19e.js\"],\"default\"]\n34:I[57501,[\"6433\",\"static/chunks/6433-2b3c1896c9922a6c.js\",\"4489\",\"static/chunks/4489-68b5cdfa7740d8d5.js\",\"2905\",\"static/chunks/2905-183edaf3c9af19f8.js\",\"433\",\"static/chunks/433-7eb6db1c4ef3a8d0.js\",\"3784\",\"static/chunks/3784-650ceecbaa85bc84.js\",\"175\",\"static/chunks/175-86b0232924e66eea.js\",\"4889\",\"static/chunks/4889-31329f7675f517a5.js\",\"7025\",\"static/chunks/7025-bcf8390421c7865f.js\",\"3886\",\"static/chunks/app/srp/page-6965a3ae7ffad19e.js\"],\"default\"]\n38:I[84481,[\"6433\",\"static/chunks/6433-2b3c1896c9922a6c.js\",\"4489\",\"static/chunks/4489-68b5cdfa7740d8d5.js\",\"2905\",\"static/chunks/2905-183edaf3c9af19f8.js\",\"433\",\"static/chunks/433-7eb6db1c4ef3a8d0.js\",\"3784\",\"static/chunks/3784-650ceecbaa85bc84.js\",\"175\",\"static/chunks/175-86b0232924e66eea.js\",\"4889\",\"static/chunks/4889-31329f7675f517a5.js\",\"7025\",\"static/chunks/7025-bcf8390421c7865f.js\",\"3886\",\"static/chunks/app/srp/page-6965a3ae7ffad19e.js\"],\"I18nProvider\"]\n"])</script><script>self.__next_f.push([1,"27:[\"$\",\"$L32\",null,{\"name\":\"srp_result\",\"children\":[\"$\",\"$L33\",null,{\"page\":1,\"children\":[[\"$\",\"$L34\",null,{\"products\":\"$1d:props:products\",\"searchCount\":212076,\"searchId\":\"1a76afe61280463\",\"trAid\":\"\",\"trCid\":\"\",\"channel\":\"\",\"listSize\":36,\"page\":1,\"sdwTopSellingWidget\":{\"widgetTitle\":\"\",\"productList\":[{\"index\":{\"legacyProductId\":{\"legacyProductId\":186444869,\"itemId\":533074590},\"salesPrice\":13390,\"itemId\":533074590,\"componentIds\":[],\"subscriptionPrice\":null,\"subscriptionDiscountRate\":null,\"originalSubscriptionDiscountRate\":null,\"subscriptionVendorItemId\":null,\"vendors\":[{\"id\":\"A00010028\",\"countryCode\":\"KR\",\"countryName\":\"대한민국\"}],\"title\":\"비타할로 온가족 생 유산균, 200g, 1개\",\"productTitle\":\"비타할로 온가족 생 유산균, 200g, 1개\",\"alternativeTitle\":\"비타할로 온가족 생 유산균\",\"imageUrl\":\"retail/images/1057878416854378-edd9dbb3-62c6-48a4-ab81-a83395d773dd.jpg\",\"imageMainUrl\":\"retail/images/1057878416854378-edd9dbb3-62c6-48a4-ab81-a83395d773dd.jpg\",\"deliveryType\":\"ROCKET_WOW\",\"deliveryInfo\":{\"remoteAreaDeliverable\":false,\"remoteArea\":null,\"outboundShippingTime\":24,\"outboundShippingPlaceId\":0,\"logisticType\":\"ROCKET\",\"isLogistics\":true,\"freeShipOverAmountEx\":{\"currency\":\"KRW\",\"amount\":19800},\"finalFreeShipOverAmountEx\":{\"currency\":\"KRW\",\"amount\":19800},\"deliveryType\":\"FAST\",\"deliveryMethod\":\"SEQUENCIAL\",\"deliveryCompanyName\":\"쿠친\",\"deliveryCompanyCode\":\"COUPANG\",\"deliveryChargeOnReturnEx\":{\"currency\":\"KRW\",\"amount\":0},\"deliveryChargeEx\":{\"currency\":\"KRW\",\"amount\":2500},\"batchShipment\":true},\"minPrice\":null,\"originalPrice\":19800,\"discountRate\":32,\"linkcodes\":[],\"sellingStatusType\":null,\"attributeCount\":0,\"attributeName\":null,\"productType\":\"PRODUCT\",\"itemImages\":null,\"defaultExposure\":false,\"trackingCodeMain\":null,\"trackingCodeSub\":null,\"reviewRatingAverage\":5,\"reviewRatingCount\":46348,\"sectionContent\":null,\"hasUnitPriceInfo\":false,\"unitPriceInfo\":null,\"latLngs\":null,\"categoryBestIds\":null,\"debugInfo\":null,\"packageType\":null,\"bestPrice\":false,\"rocketWow\":true,\"rocketFresh\":false,\"pricePrefix\":\"\",\"priceDescription\":null,\"discountedDescription\":\"\",\"subscribeCouponPrice\":null,\"unitPrice\":{\"amount\":10,\"extendedPrice\":{\"money\":{\"amount\":670,\"currency\":\"KRW\"},\"offset\":0},\"priceEx\":{\"amount\":670,\"currency\":\"KRW\"},\"unit\":\"g\"},\"subscribeUnitPrice\":null,\"badges\":[{\"attributeByKey\":{},\"id\":\"ROCKET_CASH_REWARD\",\"text\":\"최대 670원 적립\",\"type\":\"ROCKET_REWARD\"},{\"attributeByKey\":{},\"id\":\"ROCKET\",\"text\":null,\"type\":\"SHIPPINGTYPE\"},{\"attributeByKey\":{},\"id\":\"ROCKET_WOW\",\"text\":null,\"type\":\"SHIPPINGTYPE\"}],\"brands\":[\"비타할로\"],\"brandIds\":[\"43571\"],\"benefits\":null,\"subscribeBenefits\":null,\"falconDeliveryType\":null,\"falconDeliveryDate\":null,\"promisedDeliveryDate\":[{\"bold\":false,\"color\":\"#008C00\",\"size\":14,\"text\":\"내일(금) \"},{\"bold\":false,\"color\":\"#008C00\",\"size\":14,\"text\":\"도착 보장\"}],\"promisedDeliveryDateExpressions\":{\"OVERNIGHT\":{\"cutOffDateUTC\":\"2025-11-20T12:00:00.000Z\",\"expressions\":[{\"bold\":false,\"color\":\"#008C00\",\"size\":14,\"text\":\"내일(금) 새벽 \"},{\"bold\":false,\"color\":\"#008C00\",\"size\":14,\"text\":\"도착 보장\"}],\"pddUTC\":\"2025-11-20T22:00:15.000Z\"},\"STANDARD\":{\"cutOffDateUTC\":\"2025-11-20T15:00:00.000Z\",\"expressions\":[{\"bold\":false,\"color\":\"#008C00\",\"size\":14,\"text\":\"내일(금) \"},{\"bold\":false,\"color\":\"#008C00\",\"size\":14,\"text\":\"도착 보장\"}],\"pddUTC\":\"2025-11-21T14:59:59.000Z\"}},\"dateInfo\":null,\"hasNewItem\":true,\"sponsored\":false,\"logging\":null,\"usedProductInfo\":null,\"usedProductPrice\":null,\"usedOnlyItem\":false,\"detailPriceInfos\":[{\"quantity\":1,\"priceType\":\"FINAL_PRICE\",\"price\":13390,\"priceWithDeliveryFee\":13390,\"discountType\":null,\"discountRate\":32,\"priceBasedDiscountRate\":32,\"promotionBadgeTexts\":{},\"discountAmount\":0,\"description\":\"\",\"unitPrice\":{\"amount\":10,\"extendedPrice\":{\"money\":{\"amount\":670,\"currency\":\"KRW\"},\"offset\":0},\"priceEx\":{\"amount\":670,\"currency\":\"KRW\"},\"unit\":\"g\"},\"unitPriceWithDeliveryFee\":{\"amount\":10,\"extendedPrice\":{\"money\":{\"amount\":670,\"currency\":\"KRW\"},\"offset\":0},\"priceEx\":null,\"unit\":\"g\"},\"eligibilityConditions\":{},\"priceEx\":null,\"manageCode\":null,\"expiryDate\":null,\"membershipType\":null,\"paymentMethodId\":null,\"paymentMethodDescription\":null,\"cardIdentificationType\":null,\"cardBrand\":null,\"cardCode\":null,\"cardType\":null,\"i18nDiscountAmount\":{\"amount\":\"0\",\"rawAmount\":0,\"fractionDigits\":0,\"currency\":\"KRW\"},\"percentageDiscount\":false,\"i18nPrice\":{\"amount\":\"13390\",\"rawAmount\":13390,\"fractionDigits\":0,\"currency\":\"KRW\"},\"fixedDiscount\":false},{\"quantity\":1,\"priceType\":\"DELIVERY_BUNDLE_REWARD_CASH\",\"price\":134,\"priceWithDeliveryFee\":0,\"discountType\":\"PERCENTAGE\",\"discountRate\":1,\"priceBasedDiscountRate\":null,\"promotionBadgeTexts\":{},\"discountAmount\":134,\"description\":\"쿠페이 머니 결제 시 1% 적립\",\"unitPrice\":null,\"unitPriceWithDeliveryFee\":null,\"eligibilityConditions\":{\"USER_BUDGET\":[\"10000\"],\"USER_BUDGET_I18N\":[\"{\\\"currencyCode\\\":\\\"KRW\\\",\\\"units\\\":10000,\\\"nanos\\\":0}\"]},\"priceEx\":null,\"manageCode\":\"COUPAY_MONEY_CASHBACK\",\"expiryDate\":4070962799000,\"membershipType\":null,\"paymentMethodId\":null,\"paymentMethodDescription\":null,\"cardIdentificationType\":null,\"cardBrand\":null,\"cardCode\":null,\"cardType\":null,\"i18nDiscountAmount\":{\"amount\":\"134\",\"rawAmount\":134,\"fractionDigits\":0,\"currency\":\"KRW\"},\"percentageDiscount\":true,\"i18nPrice\":{\"amount\":\"134\",\"rawAmount\":134,\"fractionDigits\":0,\"currency\":\"KRW\"},\"fixedDiscount\":false},{\"quantity\":1,\"priceType\":\"ANCHOR_PRICE\",\"price\":19800,\"priceWithDeliveryFee\":19800,\"discountType\":null,\"discountRate\":null,\"priceBasedDiscountRate\":null,\"promotionBadgeTexts\":{},\"discountAmount\":0,\"description\":null,\"unitPrice\":{\"amount\":10,\"extendedPrice\":{\"money\":{\"amount\":990,\"currency\":\"KRW\"},\"offset\":0},\"priceEx\":{\"amount\":990,\"currency\":\"KRW\"},\"unit\":\"g\"},\"unitPriceWithDeliveryFee\":{\"amount\":10,\"extendedPrice\":{\"money\":{\"amount\":990,\"currency\":\"KRW\"},\"offset\":0},\"priceEx\":null,\"unit\":\"g\"},\"eligibilityConditions\":{},\"priceEx\":null,\"manageCode\":null,\"expiryDate\":null,\"membershipType\":null,\"paymentMethodId\":null,\"paymentMethodDescription\":null,\"cardIdentificationType\":null,\"cardBrand\":null,\"cardCode\":null,\"cardType\":null,\"i18nDiscountAmount\":{\"amount\":\"0\",\"rawAmount\":0,\"fractionDigits\":0,\"currency\":\"KRW\"},\"percentageDiscount\":false,\"i18nPrice\":{\"amount\":\"19800\",\"rawAmount\":19800,\"fractionDigits\":0,\"currency\":\"KRW\"},\"fixedDiscount\":false},{\"quantity\":1,\"priceType\":\"ORIGINAL\",\"price\":19800,\"priceWithDeliveryFee\":19800,\"discountType\":null,\"discountRate\":null,\"priceBasedDiscountRate\":null,\"promotionBadgeTexts\":{},\"discountAmount\":0,\"description\":null,\"unitPrice\":{\"amount\":10,\"extendedPrice\":{\"money\":{\"amount\":990,\"currency\":\"KRW\"},\"offset\":0},\"priceEx\":{\"amount\":990,\"currency\":\"KRW\"},\"unit\":\"g\"},\"unitPriceWithDeliveryFee\":{\"amount\":10,\"extendedPrice\":{\"money\":{\"amount\":990,\"currency\":\"KRW\"},\"offset\":0},\"priceEx\":null,\"unit\":\"g\"},\"eligibilityConditions\":{},\"priceEx\":null,\"manageCode\":null,\"expiryDate\":null,\"membershipType\":null,\"paymentMethodId\":null,\"paymentMethodDescription\":null,\"cardIdentificationType\":null,\"cardBrand\":null,\"cardCode\":null,\"cardType\":null,\"i18nDiscountAmount\":{\"amount\":\"0\",\"rawAmount\":0,\"fractionDigits\":0,\"currency\":\"KRW\"},\"percentageDiscount\":false,\"i18nPrice\":{\"amount\":\"19800\",\"rawAmount\":19800,\"fractionDigits\":0,\"currency\":\"KRW\"},\"fixedDiscount\":false},{\"quantity\":1,\"priceType\":\"GIFTING_REWARD_CASH\",\"price\":134,\"priceWithDeliveryFee\":0,\"discountType\":\"PERCENTAGE\",\"discountRate\":null,\"priceBasedDiscountRate\":null,\"promotionBadgeTexts\":{},\"discountAmount\":134,\"description\":\"로켓 선물하기 이용 시 1% 적립\",\"unitPrice\":null,\"unitPriceWithDeliveryFee\":null,\"eligibilityConditions\":{\"USER_BUDGET\":[\"50000\"],\"USER_BUDGET_I18N\":[\"{\\\"currencyCode\\\":\\\"KRW\\\",\\\"units\\\":50000,\\\"nanos\\\":0}\"]},\"priceEx\":null,\"manageCode\":\"cashback_gifting_1off\",\"expiryDate\":null,\"membershipType\":null,\"paymentMethodId\":null,\"paymentMethodDescription\":null,\"cardIdentificationType\":null,\"cardBrand\":null,\"cardCode\":null,\"cardType\":null,\"i18nDiscountAmount\":{\"amount\":\"134\",\"rawAmount\":134,\"fractionDigits\":0,\"currency\":\"KRW\"},\"percentageDiscount\":true,\"i18nPrice\":{\"amount\":\"134\",\"rawAmount\":134,\"fractionDigits\":0,\"currency\":\"KRW\"},\"fixedDiscount\":false},{\"quantity\":1,\"priceType\":\"SALES\",\"price\":13390,\"priceWithDeliveryFee\":13390,\"discountType\":null,\"discountRate\":32,\"priceBasedDiscountRate\":32,\"promotionBadgeTexts\":{},\"discountAmount\":0,\"description\":\"쿠팡판매가\",\"unitPrice\":{\"amount\":10,\"extendedPrice\":{\"money\":{\"amount\":670,\"currency\":\"KRW\"},\"offset\":0},\"priceEx\":{\"amount\":670,\"currency\":\"KRW\"},\"unit\":\"g\"},\"unitPriceWithDeliveryFee\":{\"amount\":10,\"extendedPrice\":{\"money\":{\"amount\":670,\"currency\":\"KRW\"},\"offset\":0},\"priceEx\":null,\"unit\":\"g\"},\"eligibilityConditions\":{},\"priceEx\":null,\"manageCode\":null,\"expiryDate\":null,\"membershipType\":null,\"paymentMethodId\":null,\"paymentMethodDescription\":null,\"cardIdentificationType\":null,\"cardBrand\":null,\"cardCode\":null,\"cardType\":null,\"i18nDiscountAmount\":{\"amount\":\"0\",\"rawAmount\":0,\"fractionDigits\":0,\"currency\":\"KRW\"},\"percentageDiscount\":false,\"i18nPrice\":{\"amount\":\"13390\",\"rawAmount\":13390,\"fractionDigits\":0,\"currency\":\"KRW\"},\"fixedDiscount\":false}],\"priceByMemberStatus\":{\"NOT_MEMBER\":[{\"quantity\":1,\"priceType\":\"FINAL_PRICE\",\"price\":13390,\"priceWithDeliveryFee\":13390,\"discountType\":null,\"discountRate\":32,\"priceBasedDiscountRate\":32,\"promotionBadgeTexts\":{},\"discountAmount\":0,\"description\":\"\",\"unitPrice\":{\"amount\":10,\"extendedPrice\":{\"money\":{\"amount\":670,\"currency\":\"KRW\"},\"offset\":0},\"priceEx\":{\"amount\":670,\"currency\":\"KRW\"},\"unit\":\"g\"},\"unitPriceWithDeliveryFee\":{\"amount\":10,\"extendedPrice\":{\"money\":{\"amount\":670,\"currency\":\"KRW\"},\"offset\":0},\"priceEx\":null,\"unit\":\"g\"},\"eligibilityConditions\":{},\"priceEx\":null,\"manageCode\":null,\"expiryDate\":null,\"membershipType\":null,\"paymentMethodId\":null,\"paymentMethodDescription\":null,\"cardIdentificationType\":null,\"cardBrand\":null,\"cardCode\":null,\"cardType\":null,\"i18nDiscountAmount\":{\"amount\":\"0\",\"rawAmount\":0,\"fractionDigits\":0,\"currency\":\"KRW\"},\"percentageDiscount\":false,\"i18nPrice\":{\"amount\":\"13390\",\"rawAmount\":13390,\"fractionDigits\":0,\"currency\":\"KRW\"},\"fixedDiscount\":false},{\"quantity\":1,\"priceType\":\"DELIVERY_BUNDLE_REWARD_CASH\",\"price\":134,\"priceWithDeliveryFee\":0,\"discountType\":\"PERCENTAGE\",\"discountRate\":1,\"priceBasedDiscountRate\":null,\"promotionBadgeTexts\":{},\"discountAmount\":134,\"description\":\"쿠페이 머니 결제 시 1% 적립\",\"unitPrice\":null,\"unitPriceWithDeliveryFee\":null,\"eligibilityConditions\":{\"USER_BUDGET\":[\"10000\"],\"USER_BUDGET_I18N\":[\"{\\\"currencyCode\\\":\\\"KRW\\\",\\\"units\\\":10000,\\\"nanos\\\":0}\"]},\"priceEx\":null,\"manageCode\":\"COUPAY_MONEY_CASHBACK\",\"expiryDate\":4070962799000,\"membershipType\":null,\"paymentMethodId\":null,\"paymentMethodDescription\":null,\"cardIdentificationType\":null,\"cardBrand\":null,\"cardCode\":null,\"cardType\":null,\"i18nDiscountAmount\":{\"amount\":\"134\",\"rawAmount\":134,\"fractionDigits\":0,\"currency\":\"KRW\"},\"percentageDiscount\":true,\"i18nPrice\":{\"amount\":\"134\",\"rawAmount\":134,\"fractionDigits\":0,\"currency\":\"KRW\"},\"fixedDiscount\":false},{\"quantity\":1,\"priceType\":\"ANCHOR_PRICE\",\"price\":19800,\"priceWithDeliveryFee\":19800,\"discountType\":null,\"discountRate\":null,\"priceBasedDiscountRate\":null,\"promotionBadgeTexts\":{},\"discountAmount\":0,\"description\":null,\"unitPrice\":{\"amount\":10,\"extendedPrice\":{\"money\":{\"amount\":990,\"currency\":\"KRW\"},\"offset\":0},\"priceEx\":{\"amount\":990,\"currency\":\"KRW\"},\"unit\":\"g\"},\"unitPriceWithDeliveryFee\":{\"amount\":10,\"extendedPrice\":{\"money\":{\"amount\":990,\"currency\":\"KRW\"},\"offset\":0},\"priceEx\":null,\"unit\":\"g\"},\"eligibilityConditions\":{},\"priceEx\":null,\"manageCode\":null,\"expiryDate\":null,\"membershipType\":null,\"paymentMethodId\":null,\"paymentMethodDescription\":null,\"cardIdentificationType\":null,\"cardBrand\":null,\"cardCode\":null,\"cardType\":null,\"i18nDiscountAmount\":{\"amount\":\"0\",\"rawAmount\":0,\"fractionDigits\":0,\"currency\":\"KRW\"},\"percentageDiscount\":false,\"i18nPrice\":{\"amount\":\"19800\",\"rawAmount\":19800,\"fractionDigits\":0,\"currency\":\"KRW\"},\"fixedDiscount\":false},{\"quantity\":1,\"priceType\":\"ORIGINAL\",\"price\":19800,\"priceWithDeliveryFee\":19800,\"discountType\":null,\"discountRate\":null,\"priceBasedDiscountRate\":null,\"promotionBadgeTexts\":{},\"discountAmount\":0,\"description\":null,\"unitPrice\":{\"amount\":10,\"extendedPrice\":{\"money\":{\"amount\":990,\"currency\":\"KRW\"},\"offset\":0},\"priceEx\":{\"amount\":990,\"currency\":\"KRW\"},\"unit\":\"g\"},\"unitPriceWithDeliveryFee\":{\"amount\":10,\"extendedPrice\":{\"money\":{\"amount\":990,\"currency\":\"KRW\"},\"offset\":0},\"priceEx\":null,\"unit\":\"g\"},\"eligibilityConditions\":{},\"priceEx\":null,\"manageCode\":null,\"expiryDate\":null,\"membershipType\":null,\"paymentMethodId\":null,\"paymentMethodDescription\":null,\"cardIdentificationType\":null,\"cardBrand\":null,\"cardCode\":null,\"cardType\":null,\"i18nDiscountAmount\":{\"amount\":\"0\",\"rawAmount\":0,\"fractionDigits\":0,\"currency\":\"KRW\"},\"percentageDiscount\":false,\"i18nPrice\":{\"amount\":\"19800\",\"rawAmount\":19800,\"fractionDigits\":0,\"currency\":\"KRW\"},\"fixedDiscount\":false},{\"quantity\":1,\"priceType\":\"GIFTING_REWARD_CASH\",\"price\":134,\"priceWithDeliveryFee\":0,\"discountType\":\"PERCENTAGE\",\"discountRate\":null,\"priceBasedDiscountRate\":null,\"promotionBadgeTexts\":{},\"discountAmount\":134,\"description\":\"로켓 선물하기 이용 시 1% 적립\",\"unitPrice\":null,\"unitPriceWithDeliveryFee\":null,\"eligibilityConditions\":{\"USER_BUDGET\":[\"50000\"],\"USER_BUDGET_I18N\":[\"{\\\"currencyCode\\\":\\\"KRW\\\",\\\"units\\\":50000,\\\"nanos\\\":0}\"]},\"priceEx\":null,\"manageCode\":\"cashback_gifting_1off\",\"expiryDate\":null,\"membershipType\":null,\"paymentMethodId\":null,\"paymentMethodDescription\":null,\"cardIdentificationType\":null,\"cardBrand\":null,\"cardCode\":null,\"cardType\":null,\"i18nDiscountAmount\":{\"amount\":\"134\",\"rawAmount\":134,\"fractionDigits\":0,\"currency\":\"KRW\"},\"percentageDiscount\":true,\"i18nPrice\":{\"amount\":\"134\",\"rawAmount\":134,\"fractionDigits\":0,\"currency\":\"KRW\"},\"fixedDiscount\":false},{\"quantity\":1,\"priceType\":\"SALES\",\"price\":13390,\"priceWithDeliveryFee\":13390,\"discountType\":null,\"discountRate\":32,\"priceBasedDiscountRate\":32,\"promotionBadgeTexts\":{},\"discountAmount\":0,\"description\":\"쿠팡판매가\",\"unitPrice\":{\"amount\":10,\"extendedPrice\":{\"money\":{\"amount\":670,\"currency\":\"KRW\"},\"offset\":0},\"priceEx\":{\"amount\":670,\"currency\":\"KRW\"},\"unit\":\"g\"},\"unitPriceWithDeliveryFee\":{\"amount\":10,\"extendedPrice\":{\"money\":{\"amount\":670,\"currency\":\"KRW\"},\"offset\":0},\"priceEx\":null,\"unit\":\"g\"},\"eligibilityConditions\":{},\"priceEx\":null,\"manageCode\":null,\"expiryDate\":null,\"membershipType\":null,\"paymentMethodId\":null,\"paymentMethodDescription\":null,\"cardIdentificationType\":null,\"cardBrand\":null,\"cardCode\":null,\"cardType\":null,\"i18nDiscountAmount\":{\"amount\":\"0\",\"rawAmount\":0,\"fractionDigits\":0,\"currency\":\"KRW\"},\"percentageDiscount\":false,\"i18nPrice\":{\"amount\":\"13390\",\"rawAmount\":13390,\"fractionDigits\":0,\"currency\":\"KRW\"},\"fixedDiscount\":false}],\"MEMBER\":[{\"quantity\":1,\"priceType\":\"FINAL_PRICE\",\"price\":13390,\"priceWithDeliveryFee\":13390,\"discountType\":null,\"discountRate\":32,\"priceBasedDiscountRate\":32,\"promotionBadgeTexts\":{},\"discountAmount\":0,\"description\":\"\",\"unitPrice\":{\"amount\":10,\"extendedPrice\":{\"money\":{\"amount\":670,\"currency\":\"KRW\"},\"offset\":0},\"priceEx\":{\"amount\":670,\"currency\":\"KRW\"},\"unit\":\"g\"},\"unitPriceWithDeliveryFee\":{\"amount\":10,\"extendedPrice\":{\"money\":{\"amount\":670,\"currency\":\"KRW\"},\"offset\":0},\"priceEx\":null,\"unit\":\"g\"},\"eligibilityConditions\":{},\"priceEx\":null,\"manageCode\":null,\"expiryDate\":null,\"membershipType\":null,\"paymentMethodId\":null,\"paymentMethodDescription\":null,\"cardIdentificationType\":null,\"cardBrand\":null,\"cardCode\":null,\"cardType\":null,\"i18nDiscountAmount\":{\"amount\":\"0\",\"rawAmount\":0,\"fractionDigits\":0,\"currency\":\"KRW\"},\"percentageDiscount\":false,\"i18nPrice\":{\"amount\":\"13390\",\"rawAmount\":13390,\"fractionDigits\":0,\"currency\":\"KRW\"},\"fixedDiscount\":false},{\"quantity\":1,\"priceType\":\"DELIVERY_BUNDLE_REWARD_CASH\",\"price\":134,\"priceWithDeliveryFee\":0,\"discountType\":\"PERCENTAGE\",\"discountRate\":1,\"priceBasedDiscountRate\":null,\"promotionBadgeTexts\":{},\"discountAmount\":134,\"description\":\"쿠페이 머니 결제 시 1% 적립\",\"unitPrice\":null,\"unitPriceWithDeliveryFee\":null,\"eligibilityConditions\":{\"USER_BUDGET\":[\"10000\"],\"USER_BUDGET_I18N\":[\"{\\\"currencyCode\\\":\\\"KRW\\\",\\\"units\\\":10000,\\\"nanos\\\":0}\"]},\"priceEx\":null,\"manageCode\":\"COUPAY_MONEY_CASHBACK\",\"expiryDate\":4070962799000,\"membershipType\":null,\"paymentMethodId\":null,\"paymentMethodDescription\":null,\"cardIdentificationType\":null,\"cardBrand\":null,\"cardCode\":null,\"cardType\":null,\"i18nDiscountAmount\":{\"amount\":\"134\",\"rawAmount\":134,\"fractionDigits\":0,\"currency\":\"KRW\"},\"percentageDiscount\":true,\"i18nPrice\":{\"amount\":\"134\",\"rawAmount\":134,\"fractionDigits\":0,\"currency\":\"KRW\"},\"fixedDiscount\":false},{\"quantity\":1,\"priceType\":\"ROCKET_WOW_COUPAY_MONEY_REWARD_CASH\",\"price\":536,\"priceWithDeliveryFee\":0,\"discountType\":\"PERCENTAGE\",\"discountRate\":4,\"priceBasedDiscountRate\":null,\"promotionBadgeTexts\":{},\"discountAmount\":536,\"description\":\"[로켓와우 + 쿠페이 머니] 결제 시 4% 추가적립\",\"unitPrice\":null,\"unitPriceWithDeliveryFee\":null,\"eligibilityConditions\":{\"USER_BUDGET\":[\"40000\"],\"ELIGIBILITY_DAYS\":[\"30\"],\"USER_BUDGET_I18N\":[\"{\\\"currencyCode\\\":\\\"KRW\\\",\\\"units\\\":40000,\\\"nanos\\\":0}\"]},\"priceEx\":null,\"manageCode\":\"ROCKETWOW_COUPAY_MONEY_CASHBACK_JUN2019\",\"expiryDate\":1930003200000,\"membershipType\":null,\"paymentMethodId\":null,\"paymentMethodDescription\":null,\"cardIdentificationType\":null,\"cardBrand\":null,\"cardCode\":null,\"cardType\":null,\"i18nDiscountAmount\":{\"amount\":\"536\",\"rawAmount\":536,\"fractionDigits\":0,\"currency\":\"KRW\"},\"percentageDiscount\":true,\"i18nPrice\":{\"amount\":\"536\",\"rawAmount\":536,\"fractionDigits\":0,\"currency\":\"KRW\"},\"fixedDiscount\":false},{\"quantity\":1,\"priceType\":\"ROCKET_WOW_COUPAY_BANK_REWARD_CASH\",\"price\":268,\"priceWithDeliveryFee\":0,\"discountType\":\"PERCENTAGE\",\"discountRate\":2,\"priceBasedDiscountRate\":null,\"promotionBadgeTexts\":{},\"discountAmount\":268,\"description\":\"[로켓와우 + 쿠페이 계좌이체] 결제 시 2% 적립\",\"unitPrice\":null,\"unitPriceWithDeliveryFee\":null,\"eligibilityConditions\":{\"USER_BUDGET\":[\"20000\"],\"ELIGIBILITY_DAYS\":[\"30\"],\"USER_BUDGET_I18N\":[\"{\\\"currencyCode\\\":\\\"KRW\\\",\\\"units\\\":20000,\\\"nanos\\\":0}\"]},\"priceEx\":null,\"manageCode\":\"ROCKETWOW_COUPAY_BANK_CASHBACK_JUN2019\",\"expiryDate\":1930003200000,\"membershipType\":null,\"paymentMethodId\":null,\"paymentMethodDescription\":null,\"cardIdentificationType\":null,\"cardBrand\":null,\"cardCode\":null,\"cardType\":null,\"i18nDiscountAmount\":{\"amount\":\"268\",\"rawAmount\":268,\"fractionDigits\":0,\"currency\":\"KRW\"},\"percentageDiscount\":true,\"i18nPrice\":{\"amount\":\"268\",\"rawAmount\":268,\"fractionDigits\":0,\"currency\":\"KRW\"},\"fixedDiscount\":false},{\"quantity\":1,\"priceType\":\"ANCHOR_PRICE\",\"price\":19800,\"priceWithDeliveryFee\":19800,\"discountType\":null,\"discountRate\":null,\"priceBasedDiscountRate\":null,\"promotionBadgeTexts\":{},\"discountAmount\":0,\"description\":null,\"unitPrice\":{\"amount\":10,\"extendedPrice\":{\"money\":{\"amount\":990,\"currency\":\"KRW\"},\"offset\":0},\"priceEx\":{\"amount\":990,\"currency\":\"KRW\"},\"unit\":\"g\"},\"unitPriceWithDeliveryFee\":{\"amount\":10,\"extendedPrice\":{\"money\":{\"amount\":990,\"currency\":\"KRW\"},\"offset\":0},\"priceEx\":null,\"unit\":\"g\"},\"eligibilityConditions\":{},\"priceEx\":null,\"manageCode\":null,\"expiryDate\":null,\"membershipType\":null,\"paymentMethodId\":null,\"paymentMethodDescription\":null,\"cardIdentificationType\":null,\"cardBrand\":null,\"cardCode\":null,\"cardType\":null,\"i18nDiscountAmount\":{\"amount\":\"0\",\"rawAmount\":0,\"fractionDigits\":0,\"currency\":\"KRW\"},\"percentageDiscount\":false,\"i18nPrice\":{\"amount\":\"19800\",\"rawAmount\":19800,\"fractionDigits\":0,\"currency\":\"KRW\"},\"fixedDiscount\":false},{\"quantity\":1,\"priceType\":\"ORIGINAL\",\"price\":19800,\"priceWithDeliveryFee\":19800,\"discountType\":null,\"discountRate\":null,\"priceBasedDiscountRate\":null,\"promotionBadgeTexts\":{},\"discountAmount\":0,\"description\":null,\"unitPrice\":{\"amount\":10,\"extendedPrice\":{\"money\":{\"amount\":990,\"currency\":\"KRW\"},\"offset\":0},\"priceEx\":{\"amount\":990,\"currency\":\"KRW\"},\"unit\":\"g\"},\"unitPriceWithDeliveryFee\":{\"amount\":10,\"extendedPrice\":{\"money\":{\"amount\":990,\"currency\":\"KRW\"},\"offset\":0},\"priceEx\":null,\"unit\":\"g\"},\"eligibilityConditions\":{},\"priceEx\":null,\"manageCode\":null,\"expiryDate\":null,\"membershipType\":null,\"paymentMethodId\":null,\"paymentMethodDescription\":null,\"cardIdentificationType\":null,\"cardBrand\":null,\"cardCode\":null,\"cardType\":null,\"i18nDiscountAmount\":{\"amount\":\"0\",\"rawAmount\":0,\"fractionDigits\":0,\"currency\":\"KRW\"},\"percentageDiscount\":false,\"i18nPrice\":{\"amount\":\"19800\",\"rawAmount\":19800,\"fractionDigits\":0,\"currency\":\"KRW\"},\"fixedDiscount\":false},{\"quantity\":1,\"priceType\":\"GIFTING_REWARD_CASH\",\"price\":134,\"priceWithDeliveryFee\":0,\"discountType\":\"PERCENTAGE\",\"discountRate\":null,\"priceBasedDiscountRate\":null,\"promotionBadgeTexts\":{},\"discountAmount\":134,\"description\":\"로켓 선물하기 이용 시 1% 적립\",\"unitPrice\":null,\"unitPriceWithDeliveryFee\":null,\"eligibilityConditions\":{\"USER_BUDGET\":[\"50000\"],\"USER_BUDGET_I18N\":[\"{\\\"currencyCode\\\":\\\"KRW\\\",\\\"units\\\":50000,\\\"nanos\\\":0}\"]},\"priceEx\":null,\"manageCode\":\"cashback_gifting_1off\",\"expiryDate\":null,\"membershipType\":null,\"paymentMethodId\":null,\"paymentMethodDescription\":null,\"cardIdentificationType\":null,\"cardBrand\":null,\"cardCode\":null,\"cardType\":null,\"i18nDiscountAmount\":{\"amount\":\"134\",\"rawAmount\":134,\"fractionDigits\":0,\"currency\":\"KRW\"},\"percentageDiscount\":true,\"i18nPrice\":{\"amount\":\"134\",\"rawAmount\":134,\"fractionDigits\":0,\"currency\":\"KRW\"},\"fixedDiscount\":false},{\"quantity\":1,\"priceType\":\"SALES\",\"price\":13390,\"priceWithDeliveryFee\":13390,\"discountType\":null,\"discountRate\":32,\"priceBasedDiscountRate\":32,\"promotionBadgeTexts\":{},\"discountAmount\":0,\"description\":\"쿠팡판매가\",\"unitPrice\":{\"amount\":10,\"extendedPrice\":{\"money\":{\"amount\":670,\"currency\":\"KRW\"},\"offset\":0},\"priceEx\":{\"amount\":670,\"currency\":\"KRW\"},\"unit\":\"g\"},\"unitPriceWithDeliveryFee\":{\"amount\":10,\"extendedPrice\":{\"money\":{\"amount\":670,\"currency\":\"KRW\"},\"offset\":0},\"priceEx\":null,\"unit\":\"g\"},\"eligibilityConditions\":{},\"priceEx\":null,\"manageCode\":null,\"expiryDate\":null,\"membershipType\":null,\"paymentMethodId\":null,\"paymentMethodDescription\":null,\"cardIdentificationType\":null,\"cardBrand\":null,\"cardCode\":null,\"cardType\":null,\"i18nDiscountAmount\":{\"amount\":\"0\",\"rawAmount\":0,\"fractionDigits\":0,\"currency\":\"KRW\"},\"percentageDiscount\":false,\"i18nPrice\":{\"amount\":\"13390\",\"rawAmount\":13390,\"fractionDigits\":0,\"currency\":\"KRW\"},\"fixedDiscount\":false}]},\"paymentMethodPricesByMemberStatus\":{},\"paymentMethodPrices\":[],\"showWowPrice\":false,\"properties\":{\"AUTO_CANCELED\":\"APPROVAL_CANCEL\",\"OVERSEAS_PURCHASED\":\"false\",\"IMPORT_AGENCY_NAME\":\"\",\"GIFT_WRAP_ELIGIBLE\":\"false\",\"SEPARATE_REFUND_POLICY\":\"false\",\"PERSONAL_INFORMATION_USE_AGREE\":\"false\",\"TAX_TYPE\":\"TAX\",\"BEST_PRICE_GUARANTEED_3P\":\"false\",\"IS_PCC_NEEDED\":\"false\",\"SEVEN_REFUND_AGREE\":\"false\",\"PRIVATE_LABEL\":\"true\",\"PRODUCED_DATE\":\"\",\"AUTO_DISPLAY\":\"true\",\"CANCEL_BUTTON_SHOWED\":\"false\",\"VARIATIONAL_OFFERS\":\"4389019999,4389054506\",\"NOT_FOR_INDIVIDUAL_SALE\":\"false\",\"REGISTERED_FROM\":\"RETAIL\",\"PARALLEL_IMPORTED\":\"false\",\"STOCK_SHOWED\":\"true\",\"PRE_ORDER\":\"false\",\"EXTRA_INFO_LABEL_EX\":\"{\\\"ko_KR\\\":\\\"\\\"}\",\"EXPIRED_DATE\":\"2027-03-23\",\"PRINT_BUTTON_SHOWED\":\"true\",\"IS_IMPORT_AGENCY\":\"false\",\"MANUFACTURED_DATE\":\"\",\"ORIGIN_VENDOR_ITEM_VALID\":\"true\",\"OFFER_CONDITION\":\"NEW\",\"ORIGINAL_PRICE_FOR_RETAIL\":\"19800\",\"ORIGINAL_PRICE_FOR_RETAIL_I18N\":\"{\\\"currencyCode\\\":\\\"KRW\\\",\\\"units\\\":19800,\\\"nanos\\\":0}\",\"SALE_PERIOD_TYPE\":\"REGULAR\",\"FRONT_CANCELABLE\":\"true\",\"EXTRA_INFO_LABEL\":\"\",\"THIRD_PARTY_AGREE\":\"true\",\"IMPORT_AGENCY_NAME_EX\":\"{\\\"ko_KR\\\":\\\"\\\"}\",\"REMOTE_AREA_DELIVERABLE\":\"false\",\"ROCKET_MARKET_CHILD_VIID\":\"72392700421\",\"PURCHASED_BEFORE\":\"false\",\"COLD_START\":\"false\",\"RANK_BEFORE_COLD_START_BOOST\":\"0\",\"OFFER_CONDITION_V2\":\"NEW\"},\"itemAttributes\":{\"7347\":{\"expose\":false,\"id\":7347,\"name\":\"건강식품 사용대상\",\"value\":\"범용\",\"valueWithUnit\":\"범용\",\"weight\":5,\"unitDescription\":\"없음\"},\"7637\":{\"expose\":true,\"id\":7637,\"name\":\"개당 중량\",\"value\":\"200\",\"valueWithUnit\":\"200g\",\"weight\":1,\"unitDescription\":\"g\"},\"7652\":{\"expose\":true,\"id\":7652,\"name\":\"수량\",\"value\":\"1\",\"valueWithUnit\":\"1개\",\"weight\":2,\"unitDescription\":\"개\"},\"7923\":{\"expose\":false,\"id\":7923,\"name\":\"구성품\",\"value\":\"단품\",\"valueWithUnit\":\"단품\",\"weight\":16,\"unitDescription\":\"없음\"},\"10573\":{\"expose\":false,\"id\":10573,\"name\":\"건강식품 타입\",\"value\":\"캡슐\",\"valueWithUnit\":\"캡슐\",\"weight\":3,\"unitDescription\":\"없음\"},\"11024\":{\"expose\":false,\"id\":11024,\"name\":\"기능별 영양제\",\"value\":\"해당없음\",\"valueWithUnit\":\"해당없음\",\"weight\":4,\"unitDescription\":\"없음\"},\"11411\":{\"expose\":false,\"id\":11411,\"name\":\"보관방식\",\"value\":\"실온보관\",\"valueWithUnit\":\"실온보관\",\"weight\":12,\"unitDescription\":\"없음\"},\"12433\":{\"expose\":false,\"id\":12433,\"name\":\"개당 용량/중량/정\",\"value\":\"200g\",\"valueWithUnit\":\"200g\",\"weight\":17,\"unitDescription\":\"g\"},\"12546\":{\"expose\":false,\"id\":12546,\"name\":\"건강기능식품\",\"value\":\"인증 있음\",\"valueWithUnit\":\"인증 있음\",\"weight\":15,\"unitDescription\":\"없음\"},\"12746\":{\"expose\":false,\"id\":12746,\"name\":\"유산균 종류\",\"value\":\"프로바이오틱스\",\"valueWithUnit\":\"프로바이오틱스\",\"weight\":7,\"unitDescription\":\"없음\"},\"12915\":{\"expose\":false,\"id\":12915,\"name\":\"건강식품 성분\",\"value\":\"복합영양제\",\"valueWithUnit\":\"복합영양제\",\"weight\":14,\"unitDescription\":\"없음\"},\"12916\":{\"expose\":false,\"id\":12916,\"name\":\"유산균 보장균수\",\"value\":\"1억 이하\",\"valueWithUnit\":\"1억 이하\",\"weight\":13,\"unitDescription\":\"없음\"}},\"adhocProperties\":{},\"divisionType\":\"GOODS\",\"offerAttribute\":null,\"badgeReorder\":false,\"soldOutReason\":null,\"purchasedCount\":null,\"lastPurchasedDateUTC\":null,\"warrantyService\":{\"warrantyMonth\":0,\"available\":false},\"brandInfoList\":[{\"shopAvailable\":true,\"properties\":null,\"name\":\"비타할로\",\"logoImagePath\":\"brandLogo/brandLogo_7c044b9f-1d0a-4005-ad81-502d8867cd18.jpg\",\"id\":43571,\"description\":\"비타할로\",\"luxuryBrand\":false,\"farfetchBrand\":false,\"brandTier\":null,\"officialBrandName\":\"비타할로\",\"tier1\":false,\"tier2\":false,\"tier3\":false,\"bothFashionBeauty\":false,\"brandShopLink\":null,\"farfetchBrandShopLink\":null,\"brandKeywordBannerRluxMainImage\":null,\"brandKeywordBannerFarfetchMainImage\":null,\"brandWhiteLogo\":null}],\"freebie\":null,\"wowMember\":false,\"memberDto\":{\"loyaltyMemberId\":null,\"loyaltyMemberStatus\":\"UNKNOWN\",\"rocketWowEligible\":true,\"profilingSegments\":[],\"acquirerCode\":null,\"creditCardHistoryIn90Day\":null,\"agreeCollect\":false,\"studentStatus\":null,\"membershipBenefits\":[{\"type\":\"CARD_ISSUANCE.WOW\",\"attribute\":null,\"granted\":true},{\"type\":\"CASHBACK.BASIC\",\"attribute\":null,\"granted\":false},{\"type\":\"EATS\",\"attribute\":null,\"granted\":false},{\"type\":\"FAST_DELIVERY.DAWN\",\"attribute\":null,\"granted\":false},{\"type\":\"FAST_DELIVERY.PDD\",\"attribute\":null,\"granted\":false},{\"type\":\"FAST_DELIVERY.SAME_DAY\",\"attribute\":null,\"granted\":false},{\"type\":\"FREE_RETURN.FARFETCH\",\"attribute\":null,\"granted\":false},{\"type\":\"FREE_RETURN.JIKGU\",\"attribute\":null,\"granted\":false},{\"type\":\"FREE_RETURN.OTHERS\",\"attribute\":null,\"granted\":false},{\"type\":\"FREE_RETURN.ROCKET\",\"attribute\":null,\"granted\":false},{\"type\":\"FREE_SHIPPING.FARFETCH\",\"attribute\":null,\"granted\":true},{\"type\":\"FREE_SHIPPING.JIKGU\",\"attribute\":null,\"granted\":false},{\"type\":\"FREE_SHIPPING.OTHERS\",\"attribute\":null,\"granted\":false},{\"type\":\"FREE_SHIPPING.ROCKET\",\"attribute\":null,\"granted\":false},{\"type\":\"MEMBERSHIP_ENABLEMENT.WOW\",\"attribute\":null,\"granted\":false},{\"type\":\"MEMBERSHIP_PERIOD.WOW\",\"attribute\":null,\"granted\":true},{\"type\":\"MEMBERSHIP_PRICE.WOW\",\"attribute\":null,\"granted\":true},{\"type\":\"PLAY\",\"attribute\":null,\"granted\":false},{\"type\":\"PURCHASE.FRESH\",\"attribute\":null,\"granted\":false},{\"type\":\"SIGNUP_PROMOTION.PPC_PROMOTION\",\"attribute\":null,\"granted\":true},{\"type\":\"SIGNUP_PROMOTION.PPD_PROMOTION\",\"attribute\":null,\"granted\":true},{\"type\":\"SIGNUP_PROMOTION.WELCOME_PROMOTION\",\"attribute\":null,\"granted\":true},{\"type\":\"WOW_PRICE.BASIC\",\"attribute\":null,\"granted\":false},{\"type\":\"WOW_PRICE.BEST_PRICE\",\"attribute\":null,\"granted\":false},{\"type\":\"WOW_PRICE.EXCLUSIVE_PRICE\",\"attribute\":null,\"granted\":false},{\"type\":\"WOW_PRICE.TIME_DISCOUNT\",\"attribute\":null,\"granted\":false},{\"type\":\"WOW_PRICE.TRAVEL_DISCOUNT\",\"attribute\":null,\"granted\":false},{\"type\":\"WOW_PRICE.WOW_CCID\",\"attribute\":null,\"granted\":false},{\"type\":\"WOW_PRICE.WOW_DISCOUNT\",\"attribute\":null,\"granted\":false},{\"type\":\"WOW_PRICE.WOW_ONLY_COUPON\",\"attribute\":null,\"granted\":false}],\"memberPaymentDto\":{\"activeOptionAcquirerCode\":null,\"activeOptionExist\":false,\"activeOptionCardType\":null,\"activeOptionPayType\":null,\"activeOptionCardBrandCode\":null,\"activeOptionCardIdentificationType\":null,\"activeOptionPartnerBrand\":null},\"rocketWowMember\":false,\"nonPseudoRocketWowMember\":false,\"pseudoMember\":false},\"categoryId\":8541,\"remoteShippingFeeChargeable\":false,\"adult\":false,\"rocketDelivery\":true,\"freeDelivery\":false,\"directUse\":false,\"freeOver9800Delivery\":false,\"i18nCouponPrice\":null,\"subscriptionDelivery\":false,\"subscriptionPromotion\":false,\"globalDelivery\":false,\"i18nOriginalPrice\":{\"amount\":\"19800\",\"rawAmount\":19800,\"fractionDigits\":0,\"currency\":\"KRW\"},\"i18nSubscriptionPrice\":null,\"couPick\":false,\"i18nSalesPrice\":{\"amount\":\"13390\",\"rawAmount\":13390,\"fractionDigits\":0,\"currency\":\"KRW\"},\"i18nMinPrice\":null,\"i18nSubscribeCouponPrice\":null},\"legacyProductId\":186444869,\"bestArea\":{\"sequence\":-1,\"show\":false},\"imageAndTitleArea\":{\"description\":\"\",\"title\":\"비타할로 온가족 생 유산균, 200g, 1개\",\"travelUrl\":\"\",\"defaultUrl\":\"//thumbnail.coupangcdn.com/thumbnails/remote/230x230ex/image/retail/images/1057878416854378-edd9dbb3-62c6-48a4-ab81-a83395d773dd.jpg\",\"oriDefaultUrl\":\"retail/images/1057878416854378-edd9dbb3-62c6-48a4-ab81-a83395d773dd.jpg\",\"oriTravelUrl\":\"\",\"oriLocalUrl\":\"\",\"localUrl\":\"\",\"thumbnailUrl\":null,\"isWideImage\":false,\"wideImageUrl\":\"\"},\"priceArea\":{\"originalPrice\":\"19,800\",\"salesPrice\":\"13,390\",\"lowestPrice\":null,\"instantDiscountPrice\":\"\",\"criteriaPriceInfo\":\"\",\"basePrice\":\"19,800\",\"price\":\"13,390\",\"discountRate\":32,\"instantDiscountDescription\":\"\",\"shippingFeeDescription\":null,\"showInstantDiscountDescription\":false,\"discountCountDownText\":null,\"discountExpireTime\":null,\"badDiscount\":false,\"i18nOriginalPrice\":{\"amount\":\"19800\",\"rawAmount\":null,\"fractionDigits\":0,\"currency\":\"KRW\"},\"i18nLowestPrice\":null,\"i18nSalesPrice\":{\"amount\":\"13390\",\"rawAmount\":null,\"fractionDigits\":0,\"currency\":\"KRW\"},\"i18nPrice\":{\"amount\":\"13390\",\"rawAmount\":null,\"fractionDigits\":0,\"currency\":\"KRW\"},\"discount\":false,\"instantDiscount\":false,\"i18nBasePrice\":{\"amount\":\"19800\",\"rawAmount\":null,\"fractionDigits\":0,\"currency\":\"KRW\"},\"i18nInstantDiscountPrice\":null},\"subscriptionPriceArea\":null,\"snsDiscountRate\":-1,\"wowOnlyInstantDiscountRate\":-1,\"bundlePriceArea\":{\"price\":\"670\",\"cnt\":\"10\",\"unitDescription\":\"g\",\"i18nPrice\":{\"amount\":\"670\",\"rawAmount\":null,\"fractionDigits\":0,\"currency\":\"KRW\"}},\"instantDiscountBundlePriceArea\":{\"price\":\"670\",\"cnt\":\"10\",\"unitDescription\":\"g\",\"i18nPrice\":{\"amount\":\"670\",\"rawAmount\":null,\"fractionDigits\":0,\"currency\":\"KRW\"}},\"buyCntArea\":{\"buyCntInBest50\":\"\",\"buyCnt\":\"\",\"showOriginalCnt\":false,\"premium\":false,\"showCnt\":false},\"soldoutArea\":{\"soldOutText\":\"일시품절\",\"soldout\":false},\"priceTagArea\":{\"css\":\"prod-type discounted-price\",\"title\":\"\",\"discountRate\":\"\"},\"labelArea\":{\"labelAreaContents\":[],\"todayClose\":false},\"badgeArea\":{\"badgeAreaContents\":[]},\"useDateArea\":null,\"uniqueMessageArea\":{\"uniqueMessage\":{\"description\":\"\",\"messages\":[{\"text\":\"\",\"emphasis\":false}]}},\"gaDataArea\":{\"category\":\"\",\"action\":\"\",\"label\":\"\",\"value\":0},\"rocketArea\":{\"badgeImage\":{\"iconUrl\":\"https://image.coupangcdn.com/image/rds/delivery_badge_ext/badge_1998ab96bf7.png\",\"iconWidth\":72,\"iconHeight\":16},\"show\":true},\"globalArea\":{\"badgeImage\":null,\"countryName\":null,\"show\":false},\"productArea\":{\"product\":true},\"cashBackArea\":{\"iconUrl\":\"https://image.coupangcdn.com/image/badges/cashback/web/list-cash-icon@2x.png\",\"cashRewardText\":\"최대 670원 적립\"},\"bestAward\":null,\"ccidEligible\":false,\"ccidArea\":null,\"stampImageInfo\":null,\"cornerTagArea\":null,\"link\":\"/vp/products/186444869?itemId=533074590\u0026vendorItemId=4389019999\u0026sourceType=SDW_TOP_SELLING_WIDGET_V2\u0026searchId=1a76afe61280463\u0026q=유산균\",\"sequence\":0,\"reviewArea\":{\"ratingAverage\":5,\"ratingCount\":46348,\"ratingRatio\":100},\"deadLineArea\":{\"almostSoldOut\":false,\"deadLineApproach\":false},\"bestPriceArea\":null,\"topBrandArea\":null,\"bizOnlyArea\":null,\"couPickArea\":null,\"attributeCount\":0,\"attributeName\":\"\",\"packageType\":null,\"productCount\":null,\"vendorItemId\":4389019999,\"benefitBadgeArea\":{\"badgeAreaContents\":[]},\"deliveryBadgeArea\":{\"badgeAreaContents\":[]},\"deliverySpeedBadgeArea\":null,\"subscriptionBundlePriceArea\":null,\"bestSellerBadgeArea\":null,\"rocketFreeShippingBadge\":null,\"promisedDeliveryDateArea\":{\"contents\":[{\"text\":\"내일(금) \",\"size\":14,\"color\":\"#008C00\",\"bold\":false},{\"text\":\"도착 보장\",\"size\":14,\"color\":\"#008C00\",\"bold\":false}],\"deliveryType\":null,\"deliveryBadgeImage\":null,\"notEmpty\":true},\"shippingInfoArea\":null,\"eligibleFalconArea\":null,\"usedProductArea\":{\"usedProductInfo\":null,\"usedProductPrice\":null,\"usedOnlyItem\":false,\"notDisplay\":false},\"adBadgeArea\":{\"sponsored\":false,\"adzerkLog\":null,\"showSeparator\":false},\"preOrder\":null,\"bundleOptionArea\":null,\"lowStockArea\":null,\"ranking\":null,\"couponNudgeText\":null,\"couponNudgeStyle\":null,\"couponTagArea\":null,\"ab56922IsB\":false,\"ab56923IsB\":false,\"ab92528SrpIsB\":false,\"ab92528PlpIsB\":false,\"badgeReorder\":false,\"luxuryBrandAuthenticityArea\":null,\"luxuryNudgeText\":null,\"fePricingCxType\":null,\"handymanArea\":null,\"lastPurchaseArea\":null,\"rluxBrandNameArea\":{\"show\":false,\"badgeImage\":null,\"brandName\":null,\"rluxAuthText\":null},\"adjustSpacingTarget\":false,\"hideArriveInfo\":false,\"emptyCcidAndCashback\":false,\"isRlux\":false,\"isFarfetch\":false,\"properties\":{\"promiseDeliveryDate\":\"내일(금) 도착 보장\",\"extendPdd\":false,\"remoteAreaShippingFeeBadge\":\"False\"},\"badges\":null,\"useBadges\":false,\"sponsored\":false,\"collection\":false,\"underGlobalThreshold\":false,\"showPipe\":false,\"showQuickView\":true,\"isCeCategory\":false},{\"index\":{\"legacyProductId\":{\"legacyProductId\":60790169,\"itemId\":208480510},\"salesPrice\":16740,\"itemId\":208480510,\"componentIds\":[],\"subscriptionPrice\":null,\"subscriptionDiscountRate\":null,\"originalSubscriptionDiscountRate\":null,\"subscriptionVendorItemId\":null,\"vendors\":[{\"id\":\"A00055987\",\"countryCode\":\"KR\",\"countryName\":\"대한민국\"}],\"title\":\"헬스프랜드 캐나다 프로바이오틱스 생유산균 500억투입 100억보장 2개월분 유산균, 60정, 30g, 1개\",\"productTitle\":\"헬스프랜드 캐나다 프로바이오틱스 생유산균 500억투입 100억보장 2개월분 유산균, 60정, 30g, 1개\",\"alternativeTitle\":\"헬스프랜드 캐나다 프로바이오틱스 생유산균 500억투입 100억보장 2개월분 유산균\",\"imageUrl\":\"vendor_inventory/image_audit/prod/b940bed8-fee0-48e9-a815-e19d5b95f91a_composition_base_0.png\",\"imageMainUrl\":\"vendor_inventory/image_audit/prod/b940bed8-fee0-48e9-a815-e19d5b95f91a_composition_base_0.png\",\"deliveryType\":\"FREE\",\"deliveryInfo\":{\"remoteAreaDeliverable\":true,\"remoteArea\":null,\"outboundShippingTime\":24,\"outboundShippingPlaceId\":31950,\"logisticType\":\"MERCHANT\",\"isLogistics\":false,\"freeShipOverAmountEx\":{\"currency\":\"KRW\",\"amount\":0},\"finalFreeShipOverAmountEx\":{\"currency\":\"KRW\",\"amount\":0},\"deliveryType\":\"FAST\",\"deliveryMethod\":\"SEQUENCIAL\",\"deliveryCompanyName\":\"CJ 대한통운\",\"deliveryCompanyCode\":\"D000006\",\"deliveryChargeOnReturnEx\":{\"currency\":\"KRW\",\"amount\":2500},\"deliveryChargeEx\":{\"currency\":\"KRW\",\"amount\":0},\"batchShipment\":true},\"minPrice\":null,\"originalPrice\":0,\"discountRate\":0,\"linkcodes\":[],\"sellingStatusType\":null,\"attributeCount\":0,\"attributeName\":null,\"productType\":\"PRODUCT\",\"itemImages\":null,\"defaultExposure\":false,\"trackingCodeMain\":null,\"trackingCodeSub\":null,\"reviewRatingAverage\":4.5,\"reviewRatingCount\":1902,\"sectionContent\":null,\"hasUnitPriceInfo\":false,\"unitPriceInfo\":null,\"latLngs\":null,\"categoryBestIds\":null,\"debugInfo\":null,\"packageType\":null,\"bestPrice\":false,\"rocketWow\":false,\"rocketFresh\":false,\"pricePrefix\":\"\",\"priceDescription\":null,\"discountedDescription\":\"\",\"subscribeCouponPrice\":null,\"unitPrice\":{\"amount\":1,\"extendedPrice\":{\"money\":{\"amount\":279,\"currency\":\"KRW\"},\"offset\":0},\"priceEx\":{\"amount\":279,\"currency\":\"KRW\"},\"unit\":\"정\"},\"subscribeUnitPrice\":null,\"badges\":[{\"attributeByKey\":{},\"id\":\"FREE_SHIPPING\",\"text\":\"무료배송\",\"type\":\"SHIPPINGTYPE\"},{\"attributeByKey\":{},\"id\":\"ROCKET_CASH_REWARD\",\"text\":\"최대 837원 적립\",\"type\":\"ROCKET_REWARD\"}],\"brands\":[\"헬스프랜드\"],\"brandIds\":[\"107027\"],\"benefits\":null,\"subscribeBenefits\":null,\"falconDeliveryType\":null,\"falconDeliveryDate\":null,\"promisedDeliveryDate\":[{\"bold\":false,\"color\":\"#212B36\",\"size\":14,\"text\":\"모레(토) \"},{\"bold\":false,\"color\":\"#212B36\",\"size\":14,\"text\":\"도착 예정\"}],\"promisedDeliveryDateExpressions\":{\"STANDARD\":{\"cutOffDateUTC\":\"2025-11-21T05:00:00.000Z\",\"expressions\":[{\"bold\":false,\"color\":\"#212B36\",\"size\":14,\"text\":\"모레(토) \"},{\"bold\":false,\"color\":\"#212B36\",\"size\":14,\"text\":\"도착 예정\"}],\"pddUTC\":\"2025-11-22T14:59:59.999Z\"}},\"dateInfo\":null,\"hasNewItem\":true,\"sponsored\":false,\"logging\":null,\"usedProductInfo\":null,\"usedProductPrice\":null,\"usedOnlyItem\":false,\"detailPriceInfos\":[{\"quantity\":1,\"priceType\":\"FINAL_PRICE\",\"price\":16740,\"priceWithDeliveryFee\":16740,\"discountType\":null,\"discountRate\":null,\"priceBasedDiscountRate\":null,\"promotionBadgeTexts\":{},\"discountAmount\":0,\"description\":\"\",\"unitPrice\":{\"amount\":1,\"extendedPrice\":{\"money\":{\"amount\":279,\"currency\":\"KRW\"},\"offset\":0},\"priceEx\":{\"amount\":279,\"currency\":\"KRW\"},\"unit\":\"정\"},\"unitPriceWithDeliveryFee\":{\"amount\":1,\"extendedPrice\":{\"money\":{\"amount\":279,\"currency\":\"KRW\"},\"offset\":0},\"priceEx\":null,\"unit\":\"정\"},\"eligibilityConditions\":{},\"priceEx\":null,\"manageCode\":null,\"expiryDate\":null,\"membershipType\":null,\"paymentMethodId\":null,\"paymentMethodDescription\":null,\"cardIdentificationType\":null,\"cardBrand\":null,\"cardCode\":null,\"cardType\":null,\"i18nDiscountAmount\":{\"amount\":\"0\",\"rawAmount\":0,\"fractionDigits\":0,\"currency\":\"KRW\"},\"percentageDiscount\":false,\"i18nPrice\":{\"amount\":\"16740\",\"rawAmount\":16740,\"fractionDigits\":0,\"currency\":\"KRW\"},\"fixedDiscount\":false},{\"quantity\":1,\"priceType\":\"DELIVERY_BUNDLE_REWARD_CASH\",\"price\":167,\"priceWithDeliveryFee\":0,\"discountType\":\"PERCENTAGE\",\"discountRate\":1,\"priceBasedDiscountRate\":null,\"promotionBadgeTexts\":{},\"discountAmount\":167,\"description\":\"쿠페이 머니 결제 시 1% 적립\",\"unitPrice\":null,\"unitPriceWithDeliveryFee\":null,\"eligibilityConditions\":{\"USER_BUDGET\":[\"10000\"],\"USER_BUDGET_I18N\":[\"{\\\"currencyCode\\\":\\\"KRW\\\",\\\"units\\\":10000,\\\"nanos\\\":0}\"]},\"priceEx\":null,\"manageCode\":\"COUPAY_MONEY_CASHBACK\",\"expiryDate\":4070962799000,\"membershipType\":null,\"paymentMethodId\":null,\"paymentMethodDescription\":null,\"cardIdentificationType\":null,\"cardBrand\":null,\"cardCode\":null,\"cardType\":null,\"i18nDiscountAmount\":{\"amount\":\"167\",\"rawAmount\":167,\"fractionDigits\":0,\"currency\":\"KRW\"},\"percentageDiscount\":true,\"i18nPrice\":{\"amount\":\"167\",\"rawAmount\":167,\"fractionDigits\":0,\"currency\":\"KRW\"},\"fixedDiscount\":false},{\"quantity\":1,\"priceType\":\"SALES\",\"price\":16740,\"priceWithDeliveryFee\":16740,\"discountType\":null,\"discountRate\":null,\"priceBasedDiscountRate\":null,\"promotionBadgeTexts\":{},\"discountAmount\":0,\"description\":\"쿠팡판매가\",\"unitPrice\":{\"amount\":1,\"extendedPrice\":{\"money\":{\"amount\":279,\"currency\":\"KRW\"},\"offset\":0},\"priceEx\":{\"amount\":279,\"currency\":\"KRW\"},\"unit\":\"정\"},\"unitPriceWithDeliveryFee\":{\"amount\":1,\"extendedPrice\":{\"money\":{\"amount\":279,\"currency\":\"KRW\"},\"offset\":0},\"priceEx\":null,\"unit\":\"정\"},\"eligibilityConditions\":{},\"priceEx\":null,\"manageCode\":null,\"expiryDate\":null,\"membershipType\":null,\"paymentMethodId\":null,\"paymentMethodDescription\":null,\"cardIdentificationType\":null,\"cardBrand\":null,\"cardCode\":null,\"cardType\":null,\"i18nDiscountAmount\":{\"amount\":\"0\",\"rawAmount\":0,\"fractionDigits\":0,\"currency\":\"KRW\"},\"percentageDiscount\":false,\"i18nPrice\":{\"amount\":\"16740\",\"rawAmount\":16740,\"fractionDigits\":0,\"currency\":\"KRW\"},\"fixedDiscount\":false}],\"priceByMemberStatus\":{\"NOT_MEMBER\":[{\"quantity\":1,\"priceType\":\"FINAL_PRICE\",\"price\":16740,\"priceWithDeliveryFee\":16740,\"discountType\":null,\"discountRate\":null,\"priceBasedDiscountRate\":null,\"promotionBadgeTexts\":{},\"discountAmount\":0,\"description\":\"\",\"unitPrice\":{\"amount\":1,\"extendedPrice\":{\"money\":{\"amount\":279,\"currency\":\"KRW\"},\"offset\":0},\"priceEx\":{\"amount\":279,\"currency\":\"KRW\"},\"unit\":\"정\"},\"unitPriceWithDeliveryFee\":{\"amount\":1,\"extendedPrice\":{\"money\":{\"amount\":279,\"currency\":\"KRW\"},\"offset\":0},\"priceEx\":null,\"unit\":\"정\"},\"eligibilityConditions\":{},\"priceEx\":null,\"manageCode\":null,\"expiryDate\":null,\"membershipType\":null,\"paymentMethodId\":null,\"paymentMethodDescription\":null,\"cardIdentificationType\":null,\"cardBrand\":null,\"cardCode\":null,\"cardType\":null,\"i18nDiscountAmount\":{\"amount\":\"0\",\"rawAmount\":0,\"fractionDigits\":0,\"currency\":\"KRW\"},\"percentageDiscount\":false,\"i18nPrice\":{\"amount\":\"16740\",\"rawAmount\":16740,\"fractionDigits\":0,\"currency\":\"KRW\"},\"fixedDiscount\":false},{\"quantity\":1,\"priceType\":\"DELIVERY_BUNDLE_REWARD_CASH\",\"price\":167,\"priceWithDeliveryFee\":0,\"discountType\":\"PERCENTAGE\",\"discountRate\":1,\"priceBasedDiscountRate\":null,\"promotionBadgeTexts\":{},\"discountAmount\":167,\"description\":\"쿠페이 머니 결제 시 1% 적립\",\"unitPrice\":null,\"unitPriceWithDeliveryFee\":null,\"eligibilityConditions\":{\"USER_BUDGET\":[\"10000\"],\"USER_BUDGET_I18N\":[\"{\\\"currencyCode\\\":\\\"KRW\\\",\\\"units\\\":10000,\\\"nanos\\\":0}\"]},\"priceEx\":null,\"manageCode\":\"COUPAY_MONEY_CASHBACK\",\"expiryDate\":4070962799000,\"membershipType\":null,\"paymentMethodId\":null,\"paymentMethodDescription\":null,\"cardIdentificationType\":null,\"cardBrand\":null,\"cardCode\":null,\"cardType\":null,\"i18nDiscountAmount\":{\"amount\":\"167\",\"rawAmount\":167,\"fractionDigits\":0,\"currency\":\"KRW\"},\"percentageDiscount\":true,\"i18nPrice\":{\"amount\":\"167\",\"rawAmount\":167,\"fractionDigits\":0,\"currency\":\"KRW\"},\"fixedDiscount\":false},{\"quantity\":1,\"priceType\":\"SALES\",\"price\":16740,\"priceWithDeliveryFee\":16740,\"discountType\":null,\"discountRate\":null,\"priceBasedDiscountRate\":null,\"promotionBadgeTexts\":{},\"discountAmount\":0,\"description\":\"쿠팡판매가\",\"unitPrice\":{\"amount\":1,\"extendedPrice\":{\"money\":{\"amount\":279,\"currency\":\"KRW\"},\"offset\":0},\"priceEx\":{\"amount\":279,\"currency\":\"KRW\"},\"unit\":\"정\"},\"unitPriceWithDeliveryFee\":{\"amount\":1,\"extendedPrice\":{\"money\":{\"amount\":279,\"currency\":\"KRW\"},\"offset\":0},\"priceEx\":null,\"unit\":\"정\"},\"eligibilityConditions\":{},\"priceEx\":null,\"manageCode\":null,\"expiryDate\":null,\"membershipType\":null,\"paymentMethodId\":null,\"paymentMethodDescription\":null,\"cardIdentificationType\":null,\"cardBrand\":null,\"cardCode\":null,\"cardType\":null,\"i18nDiscountAmount\":{\"amount\":\"0\",\"rawAmount\":0,\"fractionDigits\":0,\"currency\":\"KRW\"},\"percentageDiscount\":false,\"i18nPrice\":{\"amount\":\"16740\",\"rawAmount\":16740,\"fractionDigits\":0,\"currency\":\"KRW\"},\"fixedDiscount\":false}],\"MEMBER\":[{\"quantity\":1,\"priceType\":\"FINAL_PRICE\",\"price\":16740,\"priceWithDeliveryFee\":16740,\"discountType\":null,\"discountRate\":null,\"priceBasedDiscountRate\":null,\"promotionBadgeTexts\":{},\"discountAmount\":0,\"description\":\"\",\"unitPrice\":{\"amount\":1,\"extendedPrice\":{\"money\":{\"amount\":279,\"currency\":\"KRW\"},\"offset\":0},\"priceEx\":{\"amount\":279,\"currency\":\"KRW\"},\"unit\":\"정\"},\"unitPriceWithDeliveryFee\":{\"amount\":1,\"extendedPrice\":{\"money\":{\"amount\":279,\"currency\":\"KRW\"},\"offset\":0},\"priceEx\":null,\"unit\":\"정\"},\"eligibilityConditions\":{},\"priceEx\":null,\"manageCode\":null,\"expiryDate\":null,\"membershipType\":null,\"paymentMethodId\":null,\"paymentMethodDescription\":null,\"cardIdentificationType\":null,\"cardBrand\":null,\"cardCode\":null,\"cardType\":null,\"i18nDiscountAmount\":{\"amount\":\"0\",\"rawAmount\":0,\"fractionDigits\":0,\"currency\":\"KRW\"},\"percentageDiscount\":false,\"i18nPrice\":{\"amount\":\"16740\",\"rawAmount\":16740,\"fractionDigits\":0,\"currency\":\"KRW\"},\"fixedDiscount\":false},{\"quantity\":1,\"priceType\":\"DELIVERY_BUNDLE_REWARD_CASH\",\"price\":167,\"priceWithDeliveryFee\":0,\"discountType\":\"PERCENTAGE\",\"discountRate\":1,\"priceBasedDiscountRate\":null,\"promotionBadgeTexts\":{},\"discountAmount\":167,\"description\":\"쿠페이 머니 결제 시 1% 적립\",\"unitPrice\":null,\"unitPriceWithDeliveryFee\":null,\"eligibilityConditions\":{\"USER_BUDGET\":[\"10000\"],\"USER_BUDGET_I18N\":[\"{\\\"currencyCode\\\":\\\"KRW\\\",\\\"units\\\":10000,\\\"nanos\\\":0}\"]},\"priceEx\":null,\"manageCode\":\"COUPAY_MONEY_CASHBACK\",\"expiryDate\":4070962799000,\"membershipType\":null,\"paymentMethodId\":null,\"paymentMethodDescription\":null,\"cardIdentificationType\":null,\"cardBrand\":null,\"cardCode\":null,\"cardType\":null,\"i18nDiscountAmount\":{\"amount\":\"167\",\"rawAmount\":167,\"fractionDigits\":0,\"currency\":\"KRW\"},\"percentageDiscount\":true,\"i18nPrice\":{\"amount\":\"167\",\"rawAmount\":167,\"fractionDigits\":0,\"currency\":\"KRW\"},\"fixedDiscount\":false},{\"quantity\":1,\"priceType\":\"ROCKET_WOW_COUPAY_MONEY_REWARD_CASH\",\"price\":670,\"priceWithDeliveryFee\":0,\"discountType\":\"PERCENTAGE\",\"discountRate\":4,\"priceBasedDiscountRate\":null,\"promotionBadgeTexts\":{},\"discountAmount\":670,\"description\":\"[로켓와우 + 쿠페이 머니] 결제 시 4% 추가적립\",\"unitPrice\":null,\"unitPriceWithDeliveryFee\":null,\"eligibilityConditions\":{\"USER_BUDGET\":[\"40000\"],\"ELIGIBILITY_DAYS\":[\"30\"],\"USER_BUDGET_I18N\":[\"{\\\"currencyCode\\\":\\\"KRW\\\",\\\"units\\\":40000,\\\"nanos\\\":0}\"]},\"priceEx\":null,\"manageCode\":\"ROCKETWOW_COUPAY_MONEY_CASHBACK_JUN2019\",\"expiryDate\":1930003200000,\"membershipType\":null,\"paymentMethodId\":null,\"paymentMethodDescription\":null,\"cardIdentificationType\":null,\"cardBrand\":null,\"cardCode\":null,\"cardType\":null,\"i18nDiscountAmount\":{\"amount\":\"670\",\"rawAmount\":670,\"fractionDigits\":0,\"currency\":\"KRW\"},\"percentageDiscount\":true,\"i18nPrice\":{\"amount\":\"670\",\"rawAmount\":670,\"fractionDigits\":0,\"currency\":\"KRW\"},\"fixedDiscount\":false},{\"quantity\":1,\"priceType\":\"ROCKET_WOW_COUPAY_BANK_REWARD_CASH\",\"price\":335,\"priceWithDeliveryFee\":0,\"discountType\":\"PERCENTAGE\",\"discountRate\":2,\"priceBasedDiscountRate\":null,\"promotionBadgeTexts\":{},\"discountAmount\":335,\"description\":\"[로켓와우 + 쿠페이 계좌이체] 결제 시 2% 적립\",\"unitPrice\":null,\"unitPriceWithDeliveryFee\":null,\"eligibilityConditions\":{\"USER_BUDGET\":[\"20000\"],\"ELIGIBILITY_DAYS\":[\"30\"],\"USER_BUDGET_I18N\":[\"{\\\"currencyCode\\\":\\\"KRW\\\",\\\"units\\\":20000,\\\"nanos\\\":0}\"]},\"priceEx\":null,\"manageCode\":\"ROCKETWOW_COUPAY_BANK_CASHBACK_JUN2019\",\"expiryDate\":1930003200000,\"membershipType\":null,\"paymentMethodId\":null,\"paymentMethodDescription\":null,\"cardIdentificationType\":null,\"cardBrand\":null,\"cardCode\":null,\"cardType\":null,\"i18nDiscountAmount\":{\"amount\":\"335\",\"rawAmount\":335,\"fractionDigits\":0,\"currency\":\"KRW\"},\"percentageDiscount\":true,\"i18nPrice\":{\"amount\":\"335\",\"rawAmount\":335,\"fractionDigits\":0,\"currency\":\"KRW\"},\"fixedDiscount\":false},{\"quantity\":1,\"priceType\":\"SALES\",\"price\":16740,\"priceWithDeliveryFee\":16740,\"discountType\":null,\"discountRate\":null,\"priceBasedDiscountRate\":null,\"promotionBadgeTexts\":{},\"discountAmount\":0,\"description\":\"쿠팡판매가\",\"unitPrice\":{\"amount\":1,\"extendedPrice\":{\"money\":{\"amount\":279,\"currency\":\"KRW\"},\"offset\":0},\"priceEx\":{\"amount\":279,\"currency\":\"KRW\"},\"unit\":\"정\"},\"unitPriceWithDeliveryFee\":{\"amount\":1,\"extendedPrice\":{\"money\":{\"amount\":279,\"currency\":\"KRW\"},\"offset\":0},\"priceEx\":null,\"unit\":\"정\"},\"eligibilityConditions\":{},\"priceEx\":null,\"manageCode\":null,\"expiryDate\":null,\"membershipType\":null,\"paymentMethodId\":null,\"paymentMethodDescription\":null,\"cardIdentificationType\":null,\"cardBrand\":null,\"cardCode\":null,\"cardType\":null,\"i18nDiscountAmount\":{\"amount\":\"0\",\"rawAmount\":0,\"fractionDigits\":0,\"currency\":\"KRW\"},\"percentageDiscount\":false,\"i18nPrice\":{\"amount\":\"16740\",\"rawAmount\":16740,\"fractionDigits\":0,\"currency\":\"KRW\"},\"fixedDiscount\":false}]},\"paymentMethodPricesByMemberStatus\":{},\"paymentMethodPrices\":[],\"showWowPrice\":false,\"properties\":{\"AUTO_CANCELED\":\"APPROVAL_CANCEL\",\"OVERSEAS_PURCHASED\":\"false\",\"SEPARATE_REFUND_POLICY\":\"false\",\"PERSONAL_INFORMATION_USE_AGREE\":\"false\",\"TAX_TYPE\":\"TAX\",\"BEST_PRICE_GUARANTEED_3P\":\"false\",\"IS_PCC_NEEDED\":\"false\",\"SEVEN_REFUND_AGREE\":\"false\",\"CANCEL_BUTTON_SHOWED\":\"false\",\"NOT_FOR_INDIVIDUAL_SALE\":\"false\",\"REGISTERED_FROM\":\"SELLER\",\"PARALLEL_IMPORTED\":\"false\",\"STOCK_SHOWED\":\"true\",\"PRE_ORDER\":\"false\",\"EXTRA_INFO_LABEL_EX\":\"{\\\"ko_KR\\\":\\\"\\\"}\",\"PRINT_BUTTON_SHOWED\":\"true\",\"IS_IMPORT_AGENCY\":\"false\",\"ORIGIN_VENDOR_ITEM_VALID\":\"true\",\"OFFER_CONDITION\":\"NEW\",\"ORIGINAL_PRICE_FOR_RETAIL\":\"16440\",\"ORIGINAL_PRICE_FOR_RETAIL_I18N\":\"{\\\"currencyCode\\\":\\\"KRW\\\",\\\"units\\\":16440,\\\"nanos\\\":0}\",\"SALE_PERIOD_TYPE\":\"REGULAR\",\"FRONT_CANCELABLE\":\"true\",\"EXTRA_INFO_LABEL\":\"\",\"THIRD_PARTY_AGREE\":\"true\",\"REMOTE_AREA_DELIVERABLE\":\"true\",\"PURCHASED_BEFORE\":\"false\",\"COLD_START\":\"false\",\"RANK_BEFORE_COLD_START_BOOST\":\"0\",\"OFFER_CONDITION_V2\":\"NEW\"},\"itemAttributes\":{\"7347\":{\"expose\":false,\"id\":7347,\"name\":\"건강식품 사용대상\",\"value\":\"성인남녀공용\",\"valueWithUnit\":\"성인남녀공용\",\"weight\":6,\"unitDescription\":\"없음\"},\"7637\":{\"expose\":true,\"id\":7637,\"name\":\"개당 중량\",\"value\":\"30\",\"valueWithUnit\":\"30g\",\"weight\":2,\"unitDescription\":\"g\"},\"7652\":{\"expose\":true,\"id\":7652,\"name\":\"수량\",\"value\":\"1\",\"valueWithUnit\":\"1개\",\"weight\":3,\"unitDescription\":\"개\"},\"8446\":{\"expose\":false,\"id\":8446,\"name\":\"체중조절용조제식품맛\",\"value\":\"해당없음\",\"valueWithUnit\":\"해당없음\",\"weight\":22,\"unitDescription\":\"없음\"},\"8459\":{\"expose\":false,\"id\":8459,\"name\":\"식품 수량\",\"value\":\"1개\",\"valueWithUnit\":\"1개\",\"weight\":21,\"unitDescription\":\"개\"},\"10573\":{\"expose\":false,\"id\":10573,\"name\":\"건강식품 타입\",\"value\":\"알약/캡슐\",\"valueWithUnit\":\"알약/캡슐\",\"weight\":5,\"unitDescription\":\"없음\"},\"11024\":{\"expose\":false,\"id\":11024,\"name\":\"기능별 영양제\",\"value\":\"소화/위/장\",\"valueWithUnit\":\"소화/위/장\",\"weight\":19,\"unitDescription\":\"없음\"},\"11411\":{\"expose\":false,\"id\":11411,\"name\":\"보관방식\",\"value\":\"실온보관\",\"valueWithUnit\":\"실온보관\",\"weight\":13,\"unitDescription\":\"없음\"},\"12293\":{\"expose\":false,\"id\":12293,\"name\":\"총 캡슐/정 수량\",\"value\":\"60\",\"valueWithUnit\":\"60캡슐\",\"weight\":7,\"unitDescription\":\"캡슐\"},\"12433\":{\"expose\":false,\"id\":12433,\"name\":\"개당 용량/중량/정\",\"value\":\"단일상품\",\"valueWithUnit\":\"단일상품\",\"weight\":20,\"unitDescription\":\"없음\"},\"12546\":{\"expose\":false,\"id\":12546,\"name\":\"건강기능식품\",\"value\":\"인증 있음\",\"valueWithUnit\":\"인증 있음\",\"weight\":16,\"unitDescription\":\"없음\"},\"12746\":{\"expose\":false,\"id\":12746,\"name\":\"유산균 종류\",\"value\":\"신바이오틱스\",\"valueWithUnit\":\"신바이오틱스\",\"weight\":8,\"unitDescription\":\"없음\"},\"12747\":{\"expose\":false,\"id\":12747,\"name\":\"유산균 특징\",\"value\":\"모유/초유유산균\",\"valueWithUnit\":\"모유/초유유산균\",\"weight\":9,\"unitDescription\":\"없음\"},\"12915\":{\"expose\":false,\"id\":12915,\"name\":\"건강식품 성분\",\"value\":\"복합영양제\",\"valueWithUnit\":\"복합영양제\",\"weight\":15,\"unitDescription\":\"없음\"},\"12916\":{\"expose\":false,\"id\":12916,\"name\":\"유산균 보장균수\",\"value\":\"51억 이상\",\"valueWithUnit\":\"51억 이상\",\"weight\":14,\"unitDescription\":\"없음\"},\"14264\":{\"expose\":true,\"id\":14264,\"name\":\"개당 캡슐/정\",\"value\":\"60\",\"valueWithUnit\":\"60정\",\"weight\":1,\"unitDescription\":\"정\"}},\"adhocProperties\":{},\"divisionType\":\"GOODS\",\"offerAttribute\":null,\"badgeReorder\":false,\"soldOutReason\":null,\"purchasedCount\":null,\"lastPurchasedDateUTC\":null,\"warrantyService\":{\"warrantyMonth\":0,\"available\":false},\"brandInfoList\":[{\"shopAvailable\":false,\"properties\":null,\"name\":\"헬스프랜드\",\"logoImagePath\":\"brandLogo/brandLogo_84e738cc-399a-40e0-94fd-b3a0baaf5c31.jpg\",\"id\":107027,\"description\":\"헬스프랜드\",\"luxuryBrand\":false,\"farfetchBrand\":false,\"brandTier\":null,\"officialBrandName\":\"헬스프랜드\",\"tier1\":false,\"tier2\":false,\"tier3\":false,\"bothFashionBeauty\":false,\"brandShopLink\":null,\"farfetchBrandShopLink\":null,\"brandKeywordBannerRluxMainImage\":null,\"brandKeywordBannerFarfetchMainImage\":null,\"brandWhiteLogo\":null}],\"freebie\":null,\"wowMember\":false,\"memberDto\":{\"loyaltyMemberId\":null,\"loyaltyMemberStatus\":\"UNKNOWN\",\"rocketWowEligible\":true,\"profilingSegments\":[],\"acquirerCode\":null,\"creditCardHistoryIn90Day\":null,\"agreeCollect\":false,\"studentStatus\":null,\"membershipBenefits\":[{\"type\":\"CARD_ISSUANCE.WOW\",\"attribute\":null,\"granted\":true},{\"type\":\"CASHBACK.BASIC\",\"attribute\":null,\"granted\":false},{\"type\":\"EATS\",\"attribute\":null,\"granted\":false},{\"type\":\"FAST_DELIVERY.DAWN\",\"attribute\":null,\"granted\":false},{\"type\":\"FAST_DELIVERY.PDD\",\"attribute\":null,\"granted\":false},{\"type\":\"FAST_DELIVERY.SAME_DAY\",\"attribute\":null,\"granted\":false},{\"type\":\"FREE_RETURN.FARFETCH\",\"attribute\":null,\"granted\":false},{\"type\":\"FREE_RETURN.JIKGU\",\"attribute\":null,\"granted\":false},{\"type\":\"FREE_RETURN.OTHERS\",\"attribute\":null,\"granted\":false},{\"type\":\"FREE_RETURN.ROCKET\",\"attribute\":null,\"granted\":false},{\"type\":\"FREE_SHIPPING.FARFETCH\",\"attribute\":null,\"granted\":true},{\"type\":\"FREE_SHIPPING.JIKGU\",\"attribute\":null,\"granted\":false},{\"type\":\"FREE_SHIPPING.OTHERS\",\"attribute\":null,\"granted\":false},{\"type\":\"FREE_SHIPPING.ROCKET\",\"attribute\":null,\"granted\":false},{\"type\":\"MEMBERSHIP_ENABLEMENT.WOW\",\"attribute\":null,\"granted\":false},{\"type\":\"MEMBERSHIP_PERIOD.WOW\",\"attribute\":null,\"granted\":true},{\"type\":\"MEMBERSHIP_PRICE.WOW\",\"attribute\":null,\"granted\":true},{\"type\":\"PLAY\",\"attribute\":null,\"granted\":false},{\"type\":\"PURCHASE.FRESH\",\"attribute\":null,\"granted\":false},{\"type\":\"SIGNUP_PROMOTION.PPC_PROMOTION\",\"attribute\":null,\"granted\":true},{\"type\":\"SIGNUP_PROMOTION.PPD_PROMOTION\",\"attribute\":null,\"granted\":true},{\"type\":\"SIGNUP_PROMOTION.WELCOME_PROMOTION\",\"attribute\":null,\"granted\":true},{\"type\":\"WOW_PRICE.BASIC\",\"attribute\":null,\"granted\":false},{\"type\":\"WOW_PRICE.BEST_PRICE\",\"attribute\":null,\"granted\":false},{\"type\":\"WOW_PRICE.EXCLUSIVE_PRICE\",\"attribute\":null,\"granted\":false},{\"type\":\"WOW_PRICE.TIME_DISCOUNT\",\"attribute\":null,\"granted\":false},{\"type\":\"WOW_PRICE.TRAVEL_DISCOUNT\",\"attribute\":null,\"granted\":false},{\"type\":\"WOW_PRICE.WOW_CCID\",\"attribute\":null,\"granted\":false},{\"type\":\"WOW_PRICE.WOW_DISCOUNT\",\"attribute\":null,\"granted\":false},{\"type\":\"WOW_PRICE.WOW_ONLY_COUPON\",\"attribute\":null,\"granted\":false}],\"memberPaymentDto\":{\"activeOptionAcquirerCode\":null,\"activeOptionExist\":false,\"activeOptionCardType\":null,\"activeOptionPayType\":null,\"activeOptionCardBrandCode\":null,\"activeOptionCardIdentificationType\":null,\"activeOptionPartnerBrand\":null},\"rocketWowMember\":false,\"nonPseudoRocketWowMember\":false,\"pseudoMember\":false},\"categoryId\":5218,\"remoteShippingFeeChargeable\":false,\"adult\":false,\"rocketDelivery\":false,\"freeDelivery\":true,\"directUse\":false,\"freeOver9800Delivery\":false,\"i18nCouponPrice\":null,\"subscriptionDelivery\":false,\"subscriptionPromotion\":false,\"globalDelivery\":false,\"i18nOriginalPrice\":{\"amount\":\"0\",\"rawAmount\":0,\"fractionDigits\":0,\"currency\":\"KRW\"},\"i18nSubscriptionPrice\":null,\"couPick\":false,\"i18nSalesPrice\":{\"amount\":\"16740\",\"rawAmount\":16740,\"fractionDigits\":0,\"currency\":\"KRW\"},\"i18nMinPrice\":null,\"i18nSubscribeCouponPrice\":null},\"legacyProductId\":60790169,\"bestArea\":{\"sequence\":-1,\"show\":false},\"imageAndTitleArea\":{\"description\":\"\",\"title\":\"헬스프랜드 캐나다 프로바이오틱스 생유산균 500억투입 100억보장 2개월분 유산균, 60정, 30g, 1개\",\"travelUrl\":\"\",\"defaultUrl\":\"//thumbnail.coupangcdn.com/thumbnails/remote/230x230ex/image/vendor_inventory/image_audit/prod/b940bed8-fee0-48e9-a815-e19d5b95f91a_composition_base_0.png\",\"oriDefaultUrl\":\"vendor_inventory/image_audit/prod/b940bed8-fee0-48e9-a815-e19d5b95f91a_composition_base_0.png\",\"oriTravelUrl\":\"\",\"oriLocalUrl\":\"\",\"localUrl\":\"\",\"thumbnailUrl\":null,\"isWideImage\":false,\"wideImageUrl\":\"\"},\"priceArea\":{\"originalPrice\":\"0\",\"salesPrice\":\"16,740\",\"lowestPrice\":null,\"instantDiscountPrice\":\"\",\"criteriaPriceInfo\":\"\",\"basePrice\":\"0\",\"price\":\"16,740\",\"discountRate\":0,\"instantDiscountDescription\":\"\",\"shippingFeeDescription\":null,\"showInstantDiscountDescription\":false,\"discountCountDownText\":null,\"discountExpireTime\":null,\"badDiscount\":false,\"i18nOriginalPrice\":{\"amount\":\"0\",\"rawAmount\":null,\"fractionDigits\":0,\"currency\":\"KRW\"},\"i18nLowestPrice\":null,\"i18nSalesPrice\":{\"amount\":\"16740\",\"rawAmount\":null,\"fractionDigits\":0,\"currency\":\"KRW\"},\"i18nPrice\":{\"amount\":\"16740\",\"rawAmount\":null,\"fractionDigits\":0,\"currency\":\"KRW\"},\"discount\":false,\"instantDiscount\":false,\"i18nBasePrice\":{\"amount\":\"0\",\"rawAmount\":null,\"fractionDigits\":0,\"currency\":\"KRW\"},\"i18nInstantDiscountPrice\":null},\"subscriptionPriceArea\":null,\"snsDiscountRate\":-1,\"wowOnlyInstantDiscountRate\":-1,\"bundlePriceArea\":{\"price\":\"279\",\"cnt\":\"1\",\"unitDescription\":\"정\",\"i18nPrice\":{\"amount\":\"279\",\"rawAmount\":null,\"fractionDigits\":0,\"currency\":\"KRW\"}},\"instantDiscountBundlePriceArea\":{\"price\":\"279\",\"cnt\":\"1\",\"unitDescription\":\"정\",\"i18nPrice\":{\"amount\":\"279\",\"rawAmount\":null,\"fractionDigits\":0,\"currency\":\"KRW\"}},\"buyCntArea\":{\"buyCntInBest50\":\"\",\"buyCnt\":\"\",\"showOriginalCnt\":false,\"premium\":false,\"showCnt\":false},\"soldoutArea\":{\"soldOutText\":\"품절\",\"soldout\":false},\"priceTagArea\":{\"css\":\"prod-type discounted-price\",\"title\":\"\",\"discountRate\":\"\"},\"labelArea\":{\"labelAreaContents\":[],\"todayClose\":false},\"badgeArea\":{\"badgeAreaContents\":[]},\"useDateArea\":null,\"uniqueMessageArea\":{\"uniqueMessage\":{\"description\":\"\",\"messages\":[{\"text\":\"\",\"emphasis\":false}]}},\"gaDataArea\":{\"category\":\"\",\"action\":\"\",\"label\":\"\",\"value\":0},\"rocketArea\":{\"badgeImage\":{\"iconUrl\":\"\",\"iconWidth\":0,\"iconHeight\":0},\"show\":false},\"globalArea\":{\"badgeImage\":null,\"countryName\":null,\"show\":false},\"productArea\":{\"product\":true},\"cashBackArea\":{\"iconUrl\":\"https://image.coupangcdn.com/image/badges/cashback/web/list-cash-icon@2x.png\",\"cashRewardText\":\"최대 837원 적립\"},\"bestAward\":null,\"ccidEligible\":false,\"ccidArea\":null,\"stampImageInfo\":null,\"cornerTagArea\":null,\"link\":\"/vp/products/60790169?itemId=208480510\u0026vendorItemId=3028098503\u0026sourceType=SDW_TOP_SELLING_WIDGET_V2\u0026searchId=1a76afe61280463\u0026q=유산균\",\"sequence\":1,\"reviewArea\":{\"ratingAverage\":4.5,\"ratingCount\":1902,\"ratingRatio\":90},\"deadLineArea\":{\"almostSoldOut\":false,\"deadLineApproach\":false},\"bestPriceArea\":null,\"topBrandArea\":null,\"bizOnlyArea\":null,\"couPickArea\":null,\"attributeCount\":0,\"attributeName\":\"\",\"packageType\":null,\"productCount\":null,\"vendorItemId\":3028098503,\"benefitBadgeArea\":{\"badgeAreaContents\":[]},\"deliveryBadgeArea\":{\"badgeAreaContents\":[{\"css\":\"\",\"title\":\"무료배송\",\"id\":\"FREE_SHIPPING\",\"discountInfo\":null,\"freeDeliveryStandard\":null}]},\"deliverySpeedBadgeArea\":null,\"subscriptionBundlePriceArea\":null,\"bestSellerBadgeArea\":null,\"rocketFreeShippingBadge\":null,\"promisedDeliveryDateArea\":{\"contents\":[{\"text\":\"모레(토) \",\"size\":14,\"color\":\"#212B36\",\"bold\":false},{\"text\":\"도착 예정\",\"size\":14,\"color\":\"#212B36\",\"bold\":false}],\"deliveryType\":null,\"deliveryBadgeImage\":null,\"notEmpty\":true},\"shippingInfoArea\":null,\"eligibleFalconArea\":null,\"usedProductArea\":{\"usedProductInfo\":null,\"usedProductPrice\":null,\"usedOnlyItem\":false,\"notDisplay\":false},\"adBadgeArea\":{\"sponsored\":false,\"adzerkLog\":null,\"showSeparator\":true},\"preOrder\":null,\"bundleOptionArea\":null,\"lowStockArea\":null,\"ranking\":null,\"couponNudgeText\":null,\"couponNudgeStyle\":null,\"couponTagArea\":null,\"ab56922IsB\":false,\"ab56923IsB\":false,\"ab92528SrpIsB\":false,\"ab92528PlpIsB\":false,\"badgeReorder\":false,\"luxuryBrandAuthenticityArea\":null,\"luxuryNudgeText\":null,\"fePricingCxType\":null,\"handymanArea\":null,\"lastPurchaseArea\":null,\"rluxBrandNameArea\":{\"show\":false,\"badgeImage\":null,\"brandName\":null,\"rluxAuthText\":null},\"adjustSpacingTarget\":false,\"hideArriveInfo\":false,\"emptyCcidAndCashback\":false,\"isRlux\":false,\"isFarfetch\":false,\"properties\":{\"promiseDeliveryDate\":\"모레(토) 도착 예정\",\"extendPdd\":false,\"remoteAreaShippingFeeBadge\":\"False\"},\"badges\":null,\"useBadges\":false,\"sponsored\":false,\"collection\":false,\"underGlobalThreshold\":false,\"showPipe\":false,\"showQuickView\":true,\"isCeCategory\":false},{\"index\":{\"legacyProductId\":{\"legacyProductId\":186447485,\"itemId\":533081930},\"salesPrice\":5220,\"itemId\":533081930,\"componentIds\":[],\"subscriptionPrice\":null,\"subscriptionDiscountRate\":null,\"originalSubscriptionDiscountRate\":null,\"subscriptionVendorItemId\":null,\"vendors\":[{\"id\":\"A00010028\",\"countryCode\":\"KR\",\"countryName\":\"대한민국\"}],\"title\":\"비타할로 프리바이오틱스, 5g, 30개\",\"productTitle\":\"비타할로 프리바이오틱스, 5g, 30개\",\"alternativeTitle\":\"비타할로 프리바이오틱스\",\"imageUrl\":\"retail/images/711358780799106-1042b26a-7fd5-4f31-af18-cca0a299f3f5.jpg\",\"imageMainUrl\":\"retail/images/711358780799106-1042b26a-7fd5-4f31-af18-cca0a299f3f5.jpg\",\"deliveryType\":\"ROCKET_WOW\",\"deliveryInfo\":{\"remoteAreaDeliverable\":false,\"remoteArea\":null,\"outboundShippingTime\":24,\"outboundShippingPlaceId\":0,\"logisticType\":\"ROCKET\",\"isLogistics\":true,\"freeShipOverAmountEx\":{\"currency\":\"KRW\",\"amount\":19800},\"finalFreeShipOverAmountEx\":{\"currency\":\"KRW\",\"amount\":19800},\"deliveryType\":\"FAST\",\"deliveryMethod\":\"SEQUENCIAL\",\"deliveryCompanyName\":\"쿠친\",\"deliveryCompanyCode\":\"COUPANG\",\"deliveryChargeOnReturnEx\":{\"currency\":\"KRW\",\"amount\":0},\"deliveryChargeEx\":{\"currency\":\"KRW\",\"amount\":2500},\"batchShipment\":true},\"minPrice\":null,\"originalPrice\":12500,\"discountRate\":58,\"linkcodes\":[],\"sellingStatusType\":null,\"attributeCount\":0,\"attributeName\":null,\"productType\":\"PRODUCT\",\"itemImages\":null,\"defaultExposure\":false,\"trackingCodeMain\":null,\"trackingCodeSub\":null,\"reviewRatingAverage\":4.5,\"reviewRatingCount\":21549,\"sectionContent\":null,\"hasUnitPriceInfo\":false,\"unitPriceInfo\":null,\"latLngs\":null,\"categoryBestIds\":null,\"debugInfo\":null,\"packageType\":null,\"bestPrice\":false,\"rocketWow\":true,\"rocketFresh\":false,\"pricePrefix\":\"\",\"priceDescription\":null,\"discountedDescription\":\"\",\"subscribeCouponPrice\":null,\"unitPrice\":{\"amount\":10,\"extendedPrice\":{\"money\":{\"amount\":348,\"currency\":\"KRW\"},\"offset\":0},\"priceEx\":{\"amount\":348,\"currency\":\"KRW\"},\"unit\":\"g\"},\"subscribeUnitPrice\":null,\"badges\":[{\"attributeByKey\":{},\"id\":\"ROCKET_CASH_REWARD\",\"text\":\"최대 261원 적립\",\"type\":\"ROCKET_REWARD\"},{\"attributeByKey\":{},\"id\":\"ROCKET\",\"text\":null,\"type\":\"SHIPPINGTYPE\"},{\"attributeByKey\":{},\"id\":\"ROCKET_WOW\",\"text\":null,\"type\":\"SHIPPINGTYPE\"}],\"brands\":[\"비타할로\"],\"brandIds\":[\"43571\"],\"benefits\":null,\"subscribeBenefits\":null,\"falconDeliveryType\":null,\"falconDeliveryDate\":null,\"promisedDeliveryDate\":[{\"bold\":false,\"color\":\"#008C00\",\"size\":14,\"text\":\"내일(금) \"},{\"bold\":false,\"color\":\"#008C00\",\"size\":14,\"text\":\"도착 보장\"}],\"promisedDeliveryDateExpressions\":{\"OVERNIGHT\":{\"cutOffDateUTC\":\"2025-11-20T12:00:00.000Z\",\"expressions\":[{\"bold\":false,\"color\":\"#008C00\",\"size\":14,\"text\":\"내일(금) 새벽 \"},{\"bold\":false,\"color\":\"#008C00\",\"size\":14,\"text\":\"도착 보장\"}],\"pddUTC\":\"2025-11-20T22:00:15.000Z\"},\"STANDARD\":{\"cutOffDateUTC\":\"2025-11-20T15:00:00.000Z\",\"expressions\":[{\"bold\":false,\"color\":\"#008C00\",\"size\":14,\"text\":\"내일(금) \"},{\"bold\":false,\"color\":\"#008C00\",\"size\":14,\"text\":\"도착 보장\"}],\"pddUTC\":\"2025-11-21T14:59:59.000Z\"}},\"dateInfo\":null,\"hasNewItem\":true,\"sponsored\":false,\"logging\":null,\"usedProductInfo\":null,\"usedProductPrice\":null,\"usedOnlyItem\":false,\"detailPriceInfos\":[{\"quantity\":1,\"priceType\":\"FINAL_PRICE\",\"price\":5220,\"priceWithDeliveryFee\":5220,\"discountType\":null,\"discountRate\":58,\"priceBasedDiscountRate\":58,\"promotionBadgeTexts\":{},\"discountAmount\":0,\"description\":\"\",\"unitPrice\":{\"amount\":10,\"extendedPrice\":{\"money\":{\"amount\":348,\"currency\":\"KRW\"},\"offset\":0},\"priceEx\":{\"amount\":348,\"currency\":\"KRW\"},\"unit\":\"g\"},\"unitPriceWithDeliveryFee\":{\"amount\":10,\"extendedPrice\":{\"money\":{\"amount\":348,\"currency\":\"KRW\"},\"offset\":0},\"priceEx\":null,\"unit\":\"g\"},\"eligibilityConditions\":{},\"priceEx\":null,\"manageCode\":null,\"expiryDate\":null,\"membershipType\":null,\"paymentMethodId\":null,\"paymentMethodDescription\":null,\"cardIdentificationType\":null,\"cardBrand\":null,\"cardCode\":null,\"cardType\":null,\"i18nDiscountAmount\":{\"amount\":\"0\",\"rawAmount\":0,\"fractionDigits\":0,\"currency\":\"KRW\"},\"percentageDiscount\":false,\"i18nPrice\":{\"amount\":\"5220\",\"rawAmount\":5220,\"fractionDigits\":0,\"currency\":\"KRW\"},\"fixedDiscount\":false},{\"quantity\":1,\"priceType\":\"DELIVERY_BUNDLE_REWARD_CASH\",\"price\":52,\"priceWithDeliveryFee\":0,\"discountType\":\"PERCENTAGE\",\"discountRate\":1,\"priceBasedDiscountRate\":null,\"promotionBadgeTexts\":{},\"discountAmount\":52,\"description\":\"쿠페이 머니 결제 시 1% 적립\",\"unitPrice\":null,\"unitPriceWithDeliveryFee\":null,\"eligibilityConditions\":{\"USER_BUDGET\":[\"10000\"],\"USER_BUDGET_I18N\":[\"{\\\"currencyCode\\\":\\\"KRW\\\",\\\"units\\\":10000,\\\"nanos\\\":0}\"]},\"priceEx\":null,\"manageCode\":\"COUPAY_MONEY_CASHBACK\",\"expiryDate\":4070962799000,\"membershipType\":null,\"paymentMethodId\":null,\"paymentMethodDescription\":null,\"cardIdentificationType\":null,\"cardBrand\":null,\"cardCode\":null,\"cardType\":null,\"i18nDiscountAmount\":{\"amount\":\"52\",\"rawAmount\":52,\"fractionDigits\":0,\"currency\":\"KRW\"},\"percentageDiscount\":true,\"i18nPrice\":{\"amount\":\"52\",\"rawAmount\":52,\"fractionDigits\":0,\"currency\":\"KRW\"},\"fixedDiscount\":false},{\"quantity\":1,\"priceType\":\"ANCHOR_PRICE\",\"price\":12500,\"priceWithDeliveryFee\":12500,\"discountType\":null,\"discountRate\":null,\"priceBasedDiscountRate\":null,\"promotionBadgeTexts\":{},\"discountAmount\":0,\"description\":null,\"unitPrice\":{\"amount\":10,\"extendedPrice\":{\"money\":{\"amount\":833,\"currency\":\"KRW\"},\"offset\":0},\"priceEx\":{\"amount\":833,\"currency\":\"KRW\"},\"unit\":\"g\"},\"unitPriceWithDeliveryFee\":{\"amount\":10,\"extendedPrice\":{\"money\":{\"amount\":833,\"currency\":\"KRW\"},\"offset\":0},\"priceEx\":null,\"unit\":\"g\"},\"eligibilityConditions\":{},\"priceEx\":null,\"manageCode\":null,\"expiryDate\":null,\"membershipType\":null,\"paymentMethodId\":null,\"paymentMethodDescription\":null,\"cardIdentificationType\":null,\"cardBrand\":null,\"cardCode\":null,\"cardType\":null,\"i18nDiscountAmount\":{\"amount\":\"0\",\"rawAmount\":0,\"fractionDigits\":0,\"currency\":\"KRW\"},\"percentageDiscount\":false,\"i18nPrice\":{\"amount\":\"12500\",\"rawAmount\":12500,\"fractionDigits\":0,\"currency\":\"KRW\"},\"fixedDiscount\":false},{\"quantity\":1,\"priceType\":\"ORIGINAL\",\"price\":12500,\"priceWithDeliveryFee\":12500,\"discountType\":null,\"discountRate\":null,\"priceBasedDiscountRate\":null,\"promotionBadgeTexts\":{},\"discountAmount\":0,\"description\":null,\"unitPrice\":{\"amount\":10,\"extendedPrice\":{\"money\":{\"amount\":833,\"currency\":\"KRW\"},\"offset\":0},\"priceEx\":{\"amount\":833,\"currency\":\"KRW\"},\"unit\":\"g\"},\"unitPriceWithDeliveryFee\":{\"amount\":10,\"extendedPrice\":{\"money\":{\"amount\":833,\"currency\":\"KRW\"},\"offset\":0},\"priceEx\":null,\"unit\":\"g\"},\"eligibilityConditions\":{},\"priceEx\":null,\"manageCode\":null,\"expiryDate\":null,\"membershipType\":null,\"paymentMethodId\":null,\"paymentMethodDescription\":null,\"cardIdentificationType\":null,\"cardBrand\":null,\"cardCode\":null,\"cardType\":null,\"i18nDiscountAmount\":{\"amount\":\"0\",\"rawAmount\":0,\"fractionDigits\":0,\"currency\":\"KRW\"},\"percentageDiscount\":false,\"i18nPrice\":{\"amount\":\"12500\",\"rawAmount\":12500,\"fractionDigits\":0,\"currency\":\"KRW\"},\"fixedDiscount\":false},{\"quantity\":1,\"priceType\":\"GIFTING_REWARD_CASH\",\"price\":52,\"priceWithDeliveryFee\":0,\"discountType\":\"PERCENTAGE\",\"discountRate\":null,\"priceBasedDiscountRate\":null,\"promotionBadgeTexts\":{},\"discountAmount\":52,\"description\":\"로켓 선물하기 이용 시 1% 적립\",\"unitPrice\":null,\"unitPriceWithDeliveryFee\":null,\"eligibilityConditions\":{\"USER_BUDGET\":[\"50000\"],\"USER_BUDGET_I18N\":[\"{\\\"currencyCode\\\":\\\"KRW\\\",\\\"units\\\":50000,\\\"nanos\\\":0}\"]},\"priceEx\":null,\"manageCode\":\"cashback_gifting_1off\",\"expiryDate\":null,\"membershipType\":null,\"paymentMethodId\":null,\"paymentMethodDescription\":null,\"cardIdentificationType\":null,\"cardBrand\":null,\"cardCode\":null,\"cardType\":null,\"i18nDiscountAmount\":{\"amount\":\"52\",\"rawAmount\":52,\"fractionDigits\":0,\"currency\":\"KRW\"},\"percentageDiscount\":true,\"i18nPrice\":{\"amount\":\"52\",\"rawAmount\":52,\"fractionDigits\":0,\"currency\":\"KRW\"},\"fixedDiscount\":false},{\"quantity\":1,\"priceType\":\"SALES\",\"price\":5220,\"priceWithDeliveryFee\":5220,\"discountType\":null,\"discountRate\":58,\"priceBasedDiscountRate\":58,\"promotionBadgeTexts\":{},\"discountAmount\":0,\"description\":\"쿠팡판매가\",\"unitPrice\":{\"amount\":10,\"extendedPrice\":{\"money\":{\"amount\":348,\"currency\":\"KRW\"},\"offset\":0},\"priceEx\":{\"amount\":348,\"currency\":\"KRW\"},\"unit\":\"g\"},\"unitPriceWithDeliveryFee\":{\"amount\":10,\"extendedPrice\":{\"money\":{\"amount\":348,\"currency\":\"KRW\"},\"offset\":0},\"priceEx\":null,\"unit\":\"g\"},\"eligibilityConditions\":{},\"priceEx\":null,\"manageCode\":null,\"expiryDate\":null,\"membershipType\":null,\"paymentMethodId\":null,\"paymentMethodDescription\":null,\"cardIdentificationType\":null,\"cardBrand\":null,\"cardCode\":null,\"cardType\":null,\"i18nDiscountAmount\":{\"amount\":\"0\",\"rawAmount\":0,\"fractionDigits\":0,\"currency\":\"KRW\"},\"percentageDiscount\":false,\"i18nPrice\":{\"amount\":\"5220\",\"rawAmount\":5220,\"fractionDigits\":0,\"currency\":\"KRW\"},\"fixedDiscount\":false}],\"priceByMemberStatus\":{\"NOT_MEMBER\":[{\"quantity\":1,\"priceType\":\"FINAL_PRICE\",\"price\":5220,\"priceWithDeliveryFee\":5220,\"discountType\":null,\"discountRate\":58,\"priceBasedDiscountRate\":58,\"promotionBadgeTexts\":{},\"discountAmount\":0,\"description\":\"\",\"unitPrice\":{\"amount\":10,\"extendedPrice\":{\"money\":{\"amount\":348,\"currency\":\"KRW\"},\"offset\":0},\"priceEx\":{\"amount\":348,\"currency\":\"KRW\"},\"unit\":\"g\"},\"unitPriceWithDeliveryFee\":{\"amount\":10,\"extendedPrice\":{\"money\":{\"amount\":348,\"currency\":\"KRW\"},\"offset\":0},\"priceEx\":null,\"unit\":\"g\"},\"eligibilityConditions\":{},\"priceEx\":null,\"manageCode\":null,\"expiryDate\":null,\"membershipType\":null,\"paymentMethodId\":null,\"paymentMethodDescription\":null,\"cardIdentificationType\":null,\"cardBrand\":null,\"cardCode\":null,\"cardType\":null,\"i18nDiscountAmount\":{\"amount\":\"0\",\"rawAmount\":0,\"fractionDigits\":0,\"currency\":\"KRW\"},\"percentageDiscount\":false,\"i18nPrice\":{\"amount\":\"5220\",\"rawAmount\":5220,\"fractionDigits\":0,\"currency\":\"KRW\"},\"fixedDiscount\":false},{\"quantity\":1,\"priceType\":\"DELIVERY_BUNDLE_REWARD_CASH\",\"price\":52,\"priceWithDeliveryFee\":0,\"discountType\":\"PERCENTAGE\",\"discountRate\":1,\"priceBasedDiscountRate\":null,\"promotionBadgeTexts\":{},\"discountAmount\":52,\"description\":\"쿠페이 머니 결제 시 1% 적립\",\"unitPrice\":null,\"unitPriceWithDeliveryFee\":null,\"eligibilityConditions\":{\"USER_BUDGET\":[\"10000\"],\"USER_BUDGET_I18N\":[\"{\\\"currencyCode\\\":\\\"KRW\\\",\\\"units\\\":10000,\\\"nanos\\\":0}\"]},\"priceEx\":null,\"manageCode\":\"COUPAY_MONEY_CASHBACK\",\"expiryDate\":4070962799000,\"membershipType\":null,\"paymentMethodId\":null,\"paymentMethodDescription\":null,\"cardIdentificationType\":null,\"cardBrand\":null,\"cardCode\":null,\"cardType\":null,\"i18nDiscountAmount\":{\"amount\":\"52\",\"rawAmount\":52,\"fractionDigits\":0,\"currency\":\"KRW\"},\"percentageDiscount\":true,\"i18nPrice\":{\"amount\":\"52\",\"rawAmount\":52,\"fractionDigits\":0,\"currency\":\"KRW\"},\"fixedDiscount\":false},{\"quantity\":1,\"priceType\":\"ANCHOR_PRICE\",\"price\":12500,\"priceWithDeliveryFee\":12500,\"discountType\":null,\"discountRate\":null,\"priceBasedDiscountRate\":null,\"promotionBadgeTexts\":{},\"discountAmount\":0,\"description\":null,\"unitPrice\":{\"amount\":10,\"extendedPrice\":{\"money\":{\"amount\":833,\"currency\":\"KRW\"},\"offset\":0},\"priceEx\":{\"amount\":833,\"currency\":\"KRW\"},\"unit\":\"g\"},\"unitPriceWithDeliveryFee\":{\"amount\":10,\"extendedPrice\":{\"money\":{\"amount\":833,\"currency\":\"KRW\"},\"offset\":0},\"priceEx\":null,\"unit\":\"g\"},\"eligibilityConditions\":{},\"priceEx\":null,\"manageCode\":null,\"expiryDate\":null,\"membershipType\":null,\"paymentMethodId\":null,\"paymentMethodDescription\":null,\"cardIdentificationType\":null,\"cardBrand\":null,\"cardCode\":null,\"cardType\":null,\"i18nDiscountAmount\":{\"amount\":\"0\",\"rawAmount\":0,\"fractionDigits\":0,\"currency\":\"KRW\"},\"percentageDiscount\":false,\"i18nPrice\":{\"amount\":\"12500\",\"rawAmount\":12500,\"fractionDigits\":0,\"currency\":\"KRW\"},\"fixedDiscount\":false},{\"quantity\":1,\"priceType\":\"ORIGINAL\",\"price\":12500,\"priceWithDeliveryFee\":12500,\"discountType\":null,\"discountRate\":null,\"priceBasedDiscountRate\":null,\"promotionBadgeTexts\":{},\"discountAmount\":0,\"description\":null,\"unitPrice\":{\"amount\":10,\"extendedPrice\":{\"money\":{\"amount\":833,\"currency\":\"KRW\"},\"offset\":0},\"priceEx\":{\"amount\":833,\"currency\":\"KRW\"},\"unit\":\"g\"},\"unitPriceWithDeliveryFee\":{\"amount\":10,\"extendedPrice\":{\"money\":{\"amount\":833,\"currency\":\"KRW\"},\"offset\":0},\"priceEx\":null,\"unit\":\"g\"},\"eligibilityConditions\":{},\"priceEx\":null,\"manageCode\":null,\"expiryDate\":null,\"membershipType\":null,\"paymentMethodId\":null,\"paymentMethodDescription\":null,\"cardIdentificationType\":null,\"cardBrand\":null,\"cardCode\":null,\"cardType\":null,\"i18nDiscountAmount\":{\"amount\":\"0\",\"rawAmount\":0,\"fractionDigits\":0,\"currency\":\"KRW\"},\"percentageDiscount\":false,\"i18nPrice\":{\"amount\":\"12500\",\"rawAmount\":12500,\"fractionDigits\":0,\"currency\":\"KRW\"},\"fixedDiscount\":false},{\"quantity\":1,\"priceType\":\"GIFTING_REWARD_CASH\",\"price\":52,\"priceWithDeliveryFee\":0,\"discountType\":\"PERCENTAGE\",\"discountRate\":null,\"priceBasedDiscountRate\":null,\"promotionBadgeTexts\":{},\"discountAmount\":52,\"description\":\"로켓 선물하기 이용 시 1% 적립\",\"unitPrice\":null,\"unitPriceWithDeliveryFee\":null,\"eligibilityConditions\":{\"USER_BUDGET\":[\"50000\"],\"USER_BUDGET_I18N\":[\"{\\\"currencyCode\\\":\\\"KRW\\\",\\\"units\\\":50000,\\\"nanos\\\":0}\"]},\"priceEx\":null,\"manageCode\":\"cashback_gifting_1off\",\"expiryDate\":null,\"membershipType\":null,\"paymentMethodId\":null,\"paymentMethodDescription\":null,\"cardIdentificationType\":null,\"cardBrand\":null,\"cardCode\":null,\"cardType\":null,\"i18nDiscountAmount\":{\"amount\":\"52\",\"rawAmount\":52,\"fractionDigits\":0,\"currency\":\"KRW\"},\"percentageDiscount\":true,\"i18nPrice\":{\"amount\":\"52\",\"rawAmount\":52,\"fractionDigits\":0,\"currency\":\"KRW\"},\"fixedDiscount\":false},{\"quantity\":1,\"priceType\":\"SALES\",\"price\":5220,\"priceWithDeliveryFee\":5220,\"discountType\":null,\"discountRate\":58,\"priceBasedDiscountRate\":58,\"promotionBadgeTexts\":{},\"discountAmount\":0,\"description\":\"쿠팡판매가\",\"unitPrice\":{\"amount\":10,\"extendedPrice\":{\"money\":{\"amount\":348,\"currency\":\"KRW\"},\"offset\":0},\"priceEx\":{\"amount\":348,\"currency\":\"KRW\"},\"unit\":\"g\"},\"unitPriceWithDeliveryFee\":{\"amount\":10,\"extendedPrice\":{\"money\":{\"amount\":348,\"currency\":\"KRW\"},\"offset\":0},\"priceEx\":null,\"unit\":\"g\"},\"eligibilityConditions\":{},\"priceEx\":null,\"manageCode\":null,\"expiryDate\":null,\"membershipType\":null,\"paymentMethodId\":null,\"paymentMethodDescription\":null,\"cardIdentificationType\":null,\"cardBrand\":null,\"cardCode\":null,\"cardType\":null,\"i18nDiscountAmount\":{\"amount\":\"0\",\"rawAmount\":0,\"fractionDigits\":0,\"currency\":\"KRW\"},\"percentageDiscount\":false,\"i18nPrice\":{\"amount\":\"5220\",\"rawAmount\":5220,\"fractionDigits\":0,\"currency\":\"KRW\"},\"fixedDiscount\":false}],\"MEMBER\":[{\"quantity\":1,\"priceType\":\"FINAL_PRICE\",\"price\":5220,\"priceWithDeliveryFee\":5220,\"discountType\":null,\"discountRate\":58,\"priceBasedDiscountRate\":58,\"promotionBadgeTexts\":{},\"discountAmount\":0,\"description\":\"\",\"unitPrice\":{\"amount\":10,\"extendedPrice\":{\"money\":{\"amount\":348,\"currency\":\"KRW\"},\"offset\":0},\"priceEx\":{\"amount\":348,\"currency\":\"KRW\"},\"unit\":\"g\"},\"unitPriceWithDeliveryFee\":{\"amount\":10,\"extendedPrice\":{\"money\":{\"amount\":348,\"currency\":\"KRW\"},\"offset\":0},\"priceEx\":null,\"unit\":\"g\"},\"eligibilityConditions\":{},\"priceEx\":null,\"manageCode\":null,\"expiryDate\":null,\"membershipType\":null,\"paymentMethodId\":null,\"paymentMethodDescription\":null,\"cardIdentificationType\":null,\"cardBrand\":null,\"cardCode\":null,\"cardType\":null,\"i18nDiscountAmount\":{\"amount\":\"0\",\"rawAmount\":0,\"fractionDigits\":0,\"currency\":\"KRW\"},\"percentageDiscount\":false,\"i18nPrice\":{\"amount\":\"5220\",\"rawAmount\":5220,\"fractionDigits\":0,\"currency\":\"KRW\"},\"fixedDiscount\":false},{\"quantity\":1,\"priceType\":\"DELIVERY_BUNDLE_REWARD_CASH\",\"price\":52,\"priceWithDeliveryFee\":0,\"discountType\":\"PERCENTAGE\",\"discountRate\":1,\"priceBasedDiscountRate\":null,\"promotionBadgeTexts\":{},\"discountAmount\":52,\"description\":\"쿠페이 머니 결제 시 1% 적립\",\"unitPrice\":null,\"unitPriceWithDeliveryFee\":null,\"eligibilityConditions\":{\"USER_BUDGET\":[\"10000\"],\"USER_BUDGET_I18N\":[\"{\\\"currencyCode\\\":\\\"KRW\\\",\\\"units\\\":10000,\\\"nanos\\\":0}\"]},\"priceEx\":null,\"manageCode\":\"COUPAY_MONEY_CASHBACK\",\"expiryDate\":4070962799000,\"membershipType\":null,\"paymentMethodId\":null,\"paymentMethodDescription\":null,\"cardIdentificationType\":null,\"cardBrand\":null,\"cardCode\":null,\"cardType\":null,\"i18nDiscountAmount\":{\"amount\":\"52\",\"rawAmount\":52,\"fractionDigits\":0,\"currency\":\"KRW\"},\"percentageDiscount\":true,\"i18nPrice\":{\"amount\":\"52\",\"rawAmount\":52,\"fractionDigits\":0,\"currency\":\"KRW\"},\"fixedDiscount\":false},{\"quantity\":1,\"priceType\":\"ROCKET_WOW_COUPAY_MONEY_REWARD_CASH\",\"price\":209,\"priceWithDeliveryFee\":0,\"discountType\":\"PERCENTAGE\",\"discountRate\":4,\"priceBasedDiscountRate\":null,\"promotionBadgeTexts\":{},\"discountAmount\":209,\"description\":\"[로켓와우 + 쿠페이 머니] 결제 시 4% 추가적립\",\"unitPrice\":null,\"unitPriceWithDeliveryFee\":null,\"eligibilityConditions\":{\"USER_BUDGET\":[\"40000\"],\"ELIGIBILITY_DAYS\":[\"30\"],\"USER_BUDGET_I18N\":[\"{\\\"currencyCode\\\":\\\"KRW\\\",\\\"units\\\":40000,\\\"nanos\\\":0}\"]},\"priceEx\":null,\"manageCode\":\"ROCKETWOW_COUPAY_MONEY_CASHBACK_JUN2019\",\"expiryDate\":1930003200000,\"membershipType\":null,\"paymentMethodId\":null,\"paymentMethodDescription\":null,\"cardIdentificationType\":null,\"cardBrand\":null,\"cardCode\":null,\"cardType\":null,\"i18nDiscountAmount\":{\"amount\":\"209\",\"rawAmount\":209,\"fractionDigits\":0,\"currency\":\"KRW\"},\"percentageDiscount\":true,\"i18nPrice\":{\"amount\":\"209\",\"rawAmount\":209,\"fractionDigits\":0,\"currency\":\"KRW\"},\"fixedDiscount\":false},{\"quantity\":1,\"priceType\":\"ROCKET_WOW_COUPAY_BANK_REWARD_CASH\",\"price\":104,\"priceWithDeliveryFee\":0,\"discountType\":\"PERCENTAGE\",\"discountRate\":2,\"priceBasedDiscountRate\":null,\"promotionBadgeTexts\":{},\"discountAmount\":104,\"description\":\"[로켓와우 + 쿠페이 계좌이체] 결제 시 2% 적립\",\"unitPrice\":null,\"unitPriceWithDeliveryFee\":null,\"eligibilityConditions\":{\"USER_BUDGET\":[\"20000\"],\"ELIGIBILITY_DAYS\":[\"30\"],\"USER_BUDGET_I18N\":[\"{\\\"currencyCode\\\":\\\"KRW\\\",\\\"units\\\":20000,\\\"nanos\\\":0}\"]},\"priceEx\":null,\"manageCode\":\"ROCKETWOW_COUPAY_BANK_CASHBACK_JUN2019\",\"expiryDate\":1930003200000,\"membershipType\":null,\"paymentMethodId\":null,\"paymentMethodDescription\":null,\"cardIdentificationType\":null,\"cardBrand\":null,\"cardCode\":null,\"cardType\":null,\"i18nDiscountAmount\":{\"amount\":\"104\",\"rawAmount\":104,\"fractionDigits\":0,\"currency\":\"KRW\"},\"percentageDiscount\":true,\"i18nPrice\":{\"amount\":\"104\",\"rawAmount\":104,\"fractionDigits\":0,\"currency\":\"KRW\"},\"fixedDiscount\":false},{\"quantity\":1,\"priceType\":\"ANCHOR_PRICE\",\"price\":12500,\"priceWithDeliveryFee\":12500,\"discountType\":null,\"discountRate\":null,\"priceBasedDiscountRate\":null,\"promotionBadgeTexts\":{},\"discountAmount\":0,\"description\":null,\"unitPrice\":{\"amount\":10,\"extendedPrice\":{\"money\":{\"amount\":833,\"currency\":\"KRW\"},\"offset\":0},\"priceEx\":{\"amount\":833,\"currency\":\"KRW\"},\"unit\":\"g\"},\"unitPriceWithDeliveryFee\":{\"amount\":10,\"extendedPrice\":{\"money\":{\"amount\":833,\"currency\":\"KRW\"},\"offset\":0},\"priceEx\":null,\"unit\":\"g\"},\"eligibilityConditions\":{},\"priceEx\":null,\"manageCode\":null,\"expiryDate\":null,\"membershipType\":null,\"paymentMethodId\":null,\"paymentMethodDescription\":null,\"cardIdentificationType\":null,\"cardBrand\":null,\"cardCode\":null,\"cardType\":null,\"i18nDiscountAmount\":{\"amount\":\"0\",\"rawAmount\":0,\"fractionDigits\":0,\"currency\":\"KRW\"},\"percentageDiscount\":false,\"i18nPrice\":{\"amount\":\"12500\",\"rawAmount\":12500,\"fractionDigits\":0,\"currency\":\"KRW\"},\"fixedDiscount\":false},{\"quantity\":1,\"priceType\":\"ORIGINAL\",\"price\":12500,\"priceWithDeliveryFee\":12500,\"discountType\":null,\"discountRate\":null,\"priceBasedDiscountRate\":null,\"promotionBadgeTexts\":{},\"discountAmount\":0,\"description\":null,\"unitPrice\":{\"amount\":10,\"extendedPrice\":{\"money\":{\"amount\":833,\"currency\":\"KRW\"},\"offset\":0},\"priceEx\":{\"amount\":833,\"currency\":\"KRW\"},\"unit\":\"g\"},\"unitPriceWithDeliveryFee\":{\"amount\":10,\"extendedPrice\":{\"money\":{\"amount\":833,\"currency\":\"KRW\"},\"offset\":0},\"priceEx\":null,\"unit\":\"g\"},\"eligibilityConditions\":{},\"priceEx\":null,\"manageCode\":null,\"expiryDate\":null,\"membershipType\":null,\"paymentMethodId\":null,\"paymentMethodDescription\":null,\"cardIdentificationType\":null,\"cardBrand\":null,\"cardCode\":null,\"cardType\":null,\"i18nDiscountAmount\":{\"amount\":\"0\",\"rawAmount\":0,\"fractionDigits\":0,\"currency\":\"KRW\"},\"percentageDiscount\":false,\"i18nPrice\":{\"amount\":\"12500\",\"rawAmount\":12500,\"fractionDigits\":0,\"currency\":\"KRW\"},\"fixedDiscount\":false},{\"quantity\":1,\"priceType\":\"GIFTING_REWARD_CASH\",\"price\":52,\"priceWithDeliveryFee\":0,\"discountType\":\"PERCENTAGE\",\"discountRate\":null,\"priceBasedDiscountRate\":null,\"promotionBadgeTexts\":{},\"discountAmount\":52,\"description\":\"로켓 선물하기 이용 시 1% 적립\",\"unitPrice\":null,\"unitPriceWithDeliveryFee\":null,\"eligibilityConditions\":{\"USER_BUDGET\":[\"50000\"],\"USER_BUDGET_I18N\":[\"{\\\"currencyCode\\\":\\\"KRW\\\",\\\"units\\\":50000,\\\"nanos\\\":0}\"]},\"priceEx\":null,\"manageCode\":\"cashback_gifting_1off\",\"expiryDate\":null,\"membershipType\":null,\"paymentMethodId\":null,\"paymentMethodDescription\":null,\"cardIdentificationType\":null,\"cardBrand\":null,\"cardCode\":null,\"cardType\":null,\"i18nDiscountAmount\":{\"amount\":\"52\",\"rawAmount\":52,\"fractionDigits\":0,\"currency\":\"KRW\"},\"percentageDiscount\":true,\"i18nPrice\":{\"amount\":\"52\",\"rawAmount\":52,\"fractionDigits\":0,\"currency\":\"KRW\"},\"fixedDiscount\":false},{\"quantity\":1,\"priceType\":\"SALES\",\"price\":5220,\"priceWithDeliveryFee\":5220,\"discountType\":null,\"discountRate\":58,\"priceBasedDiscountRate\":58,\"promotionBadgeTexts\":{},\"discountAmount\":0,\"description\":\"쿠팡판매가\",\"unitPrice\":{\"amount\":10,\"extendedPrice\":{\"money\":{\"amount\":348,\"currency\":\"KRW\"},\"offset\":0},\"priceEx\":{\"amount\":348,\"currency\":\"KRW\"},\"unit\":\"g\"},\"unitPriceWithDeliveryFee\":{\"amount\":10,\"extendedPrice\":{\"money\":{\"amount\":348,\"currency\":\"KRW\"},\"offset\":0},\"priceEx\":null,\"unit\":\"g\"},\"eligibilityConditions\":{},\"priceEx\":null,\"manageCode\":null,\"expiryDate\":null,\"membershipType\":null,\"paymentMethodId\":null,\"paymentMethodDescription\":null,\"cardIdentificationType\":null,\"cardBrand\":null,\"cardCode\":null,\"cardType\":null,\"i18nDiscountAmount\":{\"amount\":\"0\",\"rawAmount\":0,\"fractionDigits\":0,\"currency\":\"KRW\"},\"percentageDiscount\":false,\"i18nPrice\":{\"amount\":\"5220\",\"rawAmount\":5220,\"fractionDigits\":0,\"currency\":\"KRW\"},\"fixedDiscount\":false}]},\"paymentMethodPricesByMemberStatus\":{},\"paymentMethodPrices\":[],\"showWowPrice\":false,\"properties\":{\"AUTO_CANCELED\":\"APPROVAL_CANCEL\",\"OVERSEAS_PURCHASED\":\"false\",\"IMPORT_AGENCY_NAME\":\"\",\"GIFT_WRAP_ELIGIBLE\":\"false\",\"SEPARATE_REFUND_POLICY\":\"false\",\"PERSONAL_INFORMATION_USE_AGREE\":\"false\",\"TAX_TYPE\":\"TAX\",\"BEST_PRICE_GUARANTEED_3P\":\"false\",\"IS_PCC_NEEDED\":\"false\",\"SEVEN_REFUND_AGREE\":\"false\",\"PRIVATE_LABEL\":\"true\",\"PRODUCED_DATE\":\"\",\"AUTO_DISPLAY\":\"true\",\"CANCEL_BUTTON_SHOWED\":\"false\",\"VARIATIONAL_OFFERS\":\"4389037684,4389054802\",\"NOT_FOR_INDIVIDUAL_SALE\":\"false\",\"REGISTERED_FROM\":\"RETAIL\",\"PARALLEL_IMPORTED\":\"false\",\"STOCK_SHOWED\":\"true\",\"PRE_ORDER\":\"false\",\"EXTRA_INFO_LABEL_EX\":\"{\\\"ko_KR\\\":\\\"\\\"}\",\"EXPIRED_DATE\":\"2027-09-10\",\"PRINT_BUTTON_SHOWED\":\"true\",\"IS_IMPORT_AGENCY\":\"false\",\"MANUFACTURED_DATE\":\"\",\"ORIGIN_VENDOR_ITEM_VALID\":\"true\",\"OFFER_CONDITION\":\"NEW\",\"ORIGINAL_PRICE_FOR_RETAIL\":\"12500\",\"ORIGINAL_PRICE_FOR_RETAIL_I18N\":\"{\\\"currencyCode\\\":\\\"KRW\\\",\\\"units\\\":12500,\\\"nanos\\\":0}\",\"SALE_PERIOD_TYPE\":\"REGULAR\",\"FRONT_CANCELABLE\":\"true\",\"EXTRA_INFO_LABEL\":\"\",\"THIRD_PARTY_AGREE\":\"true\",\"IMPORT_AGENCY_NAME_EX\":\"{\\\"ko_KR\\\":\\\"\\\"}\",\"REMOTE_AREA_DELIVERABLE\":\"false\",\"ROCKET_MARKET_CHILD_VIID\":\"72391238304\",\"PURCHASED_BEFORE\":\"false\",\"COLD_START\":\"false\",\"RANK_BEFORE_COLD_START_BOOST\":\"0\",\"OFFER_CONDITION_V2\":\"NEW\"},\"itemAttributes\":{\"7347\":{\"expose\":false,\"id\":7347,\"name\":\"건강식품 사용대상\",\"value\":\"범용\",\"valueWithUnit\":\"범용\",\"weight\":4,\"unitDescription\":\"없음\"},\"7637\":{\"expose\":true,\"id\":7637,\"name\":\"개당 중량\",\"value\":\"5\",\"valueWithUnit\":\"5g\",\"weight\":0,\"unitDescription\":\"g\"},\"7652\":{\"expose\":true,\"id\":7652,\"name\":\"수량\",\"value\":\"30\",\"valueWithUnit\":\"30개\",\"weight\":1,\"unitDescription\":\"개\"},\"7663\":{\"expose\":false,\"id\":7663,\"name\":\"총 수량\",\"value\":\"30\",\"valueWithUnit\":\"30개\",\"weight\":11,\"unitDescription\":\"개\"},\"7923\":{\"expose\":false,\"id\":7923,\"name\":\"구성품\",\"value\":\"단품\",\"valueWithUnit\":\"단품\",\"weight\":7,\"unitDescription\":\"없음\"},\"10573\":{\"expose\":false,\"id\":10573,\"name\":\"건강식품 타입\",\"value\":\"캡슐\",\"valueWithUnit\":\"캡슐\",\"weight\":2,\"unitDescription\":\"없음\"},\"11024\":{\"expose\":false,\"id\":11024,\"name\":\"기능별 영양제\",\"value\":\"해당없음\",\"valueWithUnit\":\"해당없음\",\"weight\":3,\"unitDescription\":\"없음\"},\"11411\":{\"expose\":false,\"id\":11411,\"name\":\"보관방식\",\"value\":\"실온보관\",\"valueWithUnit\":\"실온보관\",\"weight\":10,\"unitDescription\":\"없음\"},\"12546\":{\"expose\":false,\"id\":12546,\"name\":\"건강기능식품\",\"value\":\"인증 있음\",\"valueWithUnit\":\"인증 있음\",\"weight\":6,\"unitDescription\":\"없음\"},\"12746\":{\"expose\":false,\"id\":12746,\"name\":\"유산균 종류\",\"value\":\"프리바이오틱스\",\"valueWithUnit\":\"프리바이오틱스\",\"weight\":9,\"unitDescription\":\"없음\"},\"12915\":{\"expose\":false,\"id\":12915,\"name\":\"건강식품 성분\",\"value\":\"복합영양제\",\"valueWithUnit\":\"복합영양제\",\"weight\":5,\"unitDescription\":\"없음\"}},\"adhocProperties\":{},\"divisionType\":\"GOODS\",\"offerAttribute\":null,\"badgeReorder\":false,\"soldOutReason\":null,\"purchasedCount\":null,\"lastPurchasedDateUTC\":null,\"warrantyService\":{\"warrantyMonth\":0,\"available\":false},\"brandInfoList\":[{\"shopAvailable\":true,\"properties\":null,\"name\":\"비타할로\",\"logoImagePath\":\"brandLogo/brandLogo_7c044b9f-1d0a-4005-ad81-502d8867cd18.jpg\",\"id\":43571,\"description\":\"비타할로\",\"luxuryBrand\":false,\"farfetchBrand\":false,\"brandTier\":null,\"officialBrandName\":\"비타할로\",\"tier1\":false,\"tier2\":false,\"tier3\":false,\"bothFashionBeauty\":false,\"brandShopLink\":null,\"farfetchBrandShopLink\":null,\"brandKeywordBannerRluxMainImage\":null,\"brandKeywordBannerFarfetchMainImage\":null,\"brandWhiteLogo\":null}],\"freebie\":null,\"wowMember\":false,\"memberDto\":{\"loyaltyMemberId\":null,\"loyaltyMemberStatus\":\"UNKNOWN\",\"rocketWowEligible\":true,\"profilingSegments\":[],\"acquirerCode\":null,\"creditCardHistoryIn90Day\":null,\"agreeCollect\":false,\"studentStatus\":null,\"membershipBenefits\":[{\"type\":\"CARD_ISSUANCE.WOW\",\"attribute\":null,\"granted\":true},{\"type\":\"CASHBACK.BASIC\",\"attribute\":null,\"granted\":false},{\"type\":\"EATS\",\"attribute\":null,\"granted\":false},{\"type\":\"FAST_DELIVERY.DAWN\",\"attribute\":null,\"granted\":false},{\"type\":\"FAST_DELIVERY.PDD\",\"attribute\":null,\"granted\":false},{\"type\":\"FAST_DELIVERY.SAME_DAY\",\"attribute\":null,\"granted\":false},{\"type\":\"FREE_RETURN.FARFETCH\",\"attribute\":null,\"granted\":false},{\"type\":\"FREE_RETURN.JIKGU\",\"attribute\":null,\"granted\":false},{\"type\":\"FREE_RETURN.OTHERS\",\"attribute\":null,\"granted\":false},{\"type\":\"FREE_RETURN.ROCKET\",\"attribute\":null,\"granted\":false},{\"type\":\"FREE_SHIPPING.FARFETCH\",\"attribute\":null,\"granted\":true},{\"type\":\"FREE_SHIPPING.JIKGU\",\"attribute\":null,\"granted\":false},{\"type\":\"FREE_SHIPPING.OTHERS\",\"attribute\":null,\"granted\":false},{\"type\":\"FREE_SHIPPING.ROCKET\",\"attribute\":null,\"granted\":false},{\"type\":\"MEMBERSHIP_ENABLEMENT.WOW\",\"attribute\":null,\"granted\":false},{\"type\":\"MEMBERSHIP_PERIOD.WOW\",\"attribute\":null,\"granted\":true},{\"type\":\"MEMBERSHIP_PRICE.WOW\",\"attribute\":null,\"granted\":true},{\"type\":\"PLAY\",\"attribute\":null,\"granted\":false},{\"type\":\"PURCHASE.FRESH\",\"attribute\":null,\"granted\":false},{\"type\":\"SIGNUP_PROMOTION.PPC_PROMOTION\",\"attribute\":null,\"granted\":true},{\"type\":\"SIGNUP_PROMOTION.PPD_PROMOTION\",\"attribute\":null,\"granted\":true},{\"type\":\"SIGNUP_PROMOTION.WELCOME_PROMOTION\",\"attribute\":null,\"granted\":true},{\"type\":\"WOW_PRICE.BASIC\",\"attribute\":null,\"granted\":false},{\"type\":\"WOW_PRICE.BEST_PRICE\",\"attribute\":null,\"granted\":false},{\"type\":\"WOW_PRICE.EXCLUSIVE_PRICE\",\"attribute\":null,\"granted\":false},{\"type\":\"WOW_PRICE.TIME_DISCOUNT\",\"attribute\":null,\"granted\":false},{\"type\":\"WOW_PRICE.TRAVEL_DISCOUNT\",\"attribute\":null,\"granted\":false},{\"type\":\"WOW_PRICE.WOW_CCID\",\"attribute\":null,\"granted\":false},{\"type\":\"WOW_PRICE.WOW_DISCOUNT\",\"attribute\":null,\"granted\":false},{\"type\":\"WOW_PRICE.WOW_ONLY_COUPON\",\"attribute\":null,\"granted\":false}],\"memberPaymentDto\":{\"activeOptionAcquirerCode\":null,\"activeOptionExist\":false,\"activeOptionCardType\":null,\"activeOptionPayType\":null,\"activeOptionCardBrandCode\":null,\"activeOptionCardIdentificationType\":null,\"activeOptionPartnerBrand\":null},\"rocketWowMember\":false,\"nonPseudoRocketWowMember\":false,\"pseudoMember\":false},\"categoryId\":5688,\"remoteShippingFeeChargeable\":false,\"adult\":false,\"rocketDelivery\":true,\"freeDelivery\":false,\"directUse\":false,\"freeOver9800Delivery\":false,\"i18nCouponPrice\":null,\"subscriptionDelivery\":false,\"subscriptionPromotion\":false,\"globalDelivery\":false,\"i18nOriginalPrice\":{\"amount\":\"12500\",\"rawAmount\":12500,\"fractionDigits\":0,\"currency\":\"KRW\"},\"i18nSubscriptionPrice\":null,\"couPick\":false,\"i18nSalesPrice\":{\"amount\":\"5220\",\"rawAmount\":5220,\"fractionDigits\":0,\"currency\":\"KRW\"},\"i18nMinPrice\":null,\"i18nSubscribeCouponPrice\":null},\"legacyProductId\":186447485,\"bestArea\":{\"sequence\":-1,\"show\":false},\"imageAndTitleArea\":{\"description\":\"\",\"title\":\"비타할로 프리바이오틱스, 5g, 30개\",\"travelUrl\":\"\",\"defaultUrl\":\"//thumbnail.coupangcdn.com/thumbnails/remote/230x230ex/image/retail/images/711358780799106-1042b26a-7fd5-4f31-af18-cca0a299f3f5.jpg\",\"oriDefaultUrl\":\"retail/images/711358780799106-1042b26a-7fd5-4f31-af18-cca0a299f3f5.jpg\",\"oriTravelUrl\":\"\",\"oriLocalUrl\":\"\",\"localUrl\":\"\",\"thumbnailUrl\":null,\"isWideImage\":false,\"wideImageUrl\":\"\"},\"priceArea\":{\"originalPrice\":\"12,500\",\"salesPrice\":\"5,220\",\"lowestPrice\":null,\"instantDiscountPrice\":\"\",\"criteriaPriceInfo\":\"\",\"basePrice\":\"12,500\",\"price\":\"5,220\",\"discountRate\":58,\"instantDiscountDescription\":\"\",\"shippingFeeDescription\":null,\"showInstantDiscountDescription\":false,\"discountCountDownText\":null,\"discountExpireTime\":null,\"badDiscount\":false,\"i18nOriginalPrice\":{\"amount\":\"12500\",\"rawAmount\":null,\"fractionDigits\":0,\"currency\":\"KRW\"},\"i18nLowestPrice\":null,\"i18nSalesPrice\":{\"amount\":\"5220\",\"rawAmount\":null,\"fractionDigits\":0,\"currency\":\"KRW\"},\"i18nPrice\":{\"amount\":\"5220\",\"rawAmount\":null,\"fractionDigits\":0,\"currency\":\"KRW\"},\"discount\":false,\"instantDiscount\":false,\"i18nBasePrice\":{\"amount\":\"12500\",\"rawAmount\":null,\"fractionDigits\":0,\"currency\":\"KRW\"},\"i18nInstantDiscountPrice\":null},\"subscriptionPriceArea\":null,\"snsDiscountRate\":-1,\"wowOnlyInstantDiscountRate\":-1,\"bundlePriceArea\":{\"price\":\"348\",\"cnt\":\"10\",\"unitDescription\":\"g\",\"i18nPrice\":{\"amount\":\"348\",\"rawAmount\":null,\"fractionDigits\":0,\"currency\":\"KRW\"}},\"instantDiscountBundlePriceArea\":{\"price\":\"348\",\"cnt\":\"10\",\"unitDescription\":\"g\",\"i18nPrice\":{\"amount\":\"348\",\"rawAmount\":null,\"fractionDigits\":0,\"currency\":\"KRW\"}},\"buyCntArea\":{\"buyCntInBest50\":\"\",\"buyCnt\":\"\",\"showOriginalCnt\":false,\"premium\":false,\"showCnt\":false},\"soldoutArea\":{\"soldOutText\":\"일시품절\",\"soldout\":false},\"priceTagArea\":{\"css\":\"prod-type discounted-price\",\"title\":\"\",\"discountRate\":\"\"},\"labelArea\":{\"labelAreaContents\":[],\"todayClose\":false},\"badgeArea\":{\"badgeAreaContents\":[]},\"useDateArea\":null,\"uniqueMessageArea\":{\"uniqueMessage\":{\"description\":\"\",\"messages\":[{\"text\":\"\",\"emphasis\":false}]}},\"gaDataArea\":{\"category\":\"\",\"action\":\"\",\"label\":\"\",\"value\":0},\"rocketArea\":{\"badgeImage\":{\"iconUrl\":\"https://image.coupangcdn.com/image/rds/delivery_badge_ext/badge_1998ab96bf7.png\",\"iconWidth\":72,\"iconHeight\":16},\"show\":true},\"globalArea\":{\"badgeImage\":null,\"countryName\":null,\"show\":false},\"productArea\":{\"product\":true},\"cashBackArea\":{\"iconUrl\":\"https://image.coupangcdn.com/image/badges/cashback/web/list-cash-icon@2x.png\",\"cashRewardText\":\"최대 261원 적립\"},\"bestAward\":null,\"ccidEligible\":false,\"ccidArea\":null,\"stampImageInfo\":null,\"cornerTagArea\":null,\"link\":\"/vp/products/186447485?itemId=533081930\u0026vendorItemId=4389037684\u0026sourceType=SDW_TOP_SELLING_WIDGET_V2\u0026searchId=1a76afe61280463\u0026q=유산균\",\"sequence\":2,\"reviewArea\":{\"ratingAverage\":4.5,\"ratingCount\":21549,\"ratingRatio\":90},\"deadLineArea\":{\"almostSoldOut\":false,\"deadLineApproach\":false},\"bestPriceArea\":null,\"topBrandArea\":null,\"bizOnlyArea\":null,\"couPickArea\":null,\"attributeCount\":0,\"attributeName\":\"\",\"packageType\":null,\"productCount\":null,\"vendorItemId\":4389037684,\"benefitBadgeArea\":{\"badgeAreaContents\":[]},\"deliveryBadgeArea\":{\"badgeAreaContents\":[]},\"deliverySpeedBadgeArea\":null,\"subscriptionBundlePriceArea\":null,\"bestSellerBadgeArea\":null,\"rocketFreeShippingBadge\":null,\"promisedDeliveryDateArea\":{\"contents\":[{\"text\":\"내일(금) \",\"size\":14,\"color\":\"#008C00\",\"bold\":false},{\"text\":\"도착 보장\",\"size\":14,\"color\":\"#008C00\",\"bold\":false}],\"deliveryType\":null,\"deliveryBadgeImage\":null,\"notEmpty\":true},\"shippingInfoArea\":null,\"eligibleFalconArea\":null,\"usedProductArea\":{\"usedProductInfo\":null,\"usedProductPrice\":null,\"usedOnlyItem\":false,\"notDisplay\":false},\"adBadgeArea\":{\"sponsored\":false,\"adzerkLog\":null,\"showSeparator\":false},\"preOrder\":null,\"bundleOptionArea\":null,\"lowStockArea\":null,\"ranking\":null,\"couponNudgeText\":null,\"couponNudgeStyle\":null,\"couponTagArea\":null,\"ab56922IsB\":false,\"ab56923IsB\":false,\"ab92528SrpIsB\":false,\"ab92528PlpIsB\":false,\"badgeReorder\":false,\"luxuryBrandAuthenticityArea\":null,\"luxuryNudgeText\":null,\"fePricingCxType\":null,\"handymanArea\":null,\"lastPurchaseArea\":null,\"rluxBrandNameArea\":{\"show\":false,\"badgeImage\":null,\"brandName\":null,\"rluxAuthText\":null},\"adjustSpacingTarget\":false,\"hideArriveInfo\":false,\"emptyCcidAndCashback\":false,\"isRlux\":false,\"isFarfetch\":false,\"properties\":{\"promiseDeliveryDate\":\"내일(금) 도착 보장\",\"extendPdd\":false,\"remoteAreaShippingFeeBadge\":\"False\"},\"badges\":null,\"useBadges\":false,\"sponsored\":false,\"collection\":false,\"underGlobalThreshold\":false,\"showPipe\":false,\"showQuickView\":true,\"isCeCategory\":false},{\"index\":{\"legacyProductId\":{\"legacyProductId\":78668006,\"itemId\":253747091},\"salesPrice\":24550,\"itemId\":253747091,\"componentIds\":[],\"subscriptionPrice\":null,\"subscriptionDiscountRate\":null,\"originalSubscriptionDiscountRate\":null,\"subscriptionVendorItemId\":null,\"vendors\":[{\"id\":\"A00010028\",\"countryCode\":\"KR\",\"countryName\":\"대한민국\"}],\"title\":\"에버그린 킹 프리미엄 프로바이오틱스, 60정, 1개\",\"productTitle\":\"에버그린 킹 프리미엄 프로바이오틱스, 60정, 1개\",\"alternativeTitle\":\"에버그린 킹 프리미엄 프로바이오틱스\",\"imageUrl\":\"retail/images/2018/04/05/18/9/20bfecd1-9220-43c6-81aa-8168d0d44e29.jpg\",\"imageMainUrl\":\"retail/images/2018/04/05/18/9/20bfecd1-9220-43c6-81aa-8168d0d44e29.jpg\",\"deliveryType\":\"ROCKET\",\"deliveryInfo\":{\"remoteAreaDeliverable\":true,\"remoteArea\":null,\"outboundShippingTime\":24,\"outboundShippingPlaceId\":0,\"logisticType\":\"ROCKET\",\"isLogistics\":true,\"freeShipOverAmountEx\":{\"currency\":\"KRW\",\"amount\":19800},\"finalFreeShipOverAmountEx\":{\"currency\":\"KRW\",\"amount\":19800},\"deliveryType\":\"FAST\",\"deliveryMethod\":\"SEQUENCIAL\",\"deliveryCompanyName\":\"쿠친\",\"deliveryCompanyCode\":\"COUPANG\",\"deliveryChargeOnReturnEx\":{\"currency\":\"KRW\",\"amount\":0},\"deliveryChargeEx\":{\"currency\":\"KRW\",\"amount\":2500},\"batchShipment\":true},\"minPrice\":null,\"originalPrice\":0,\"discountRate\":0,\"linkcodes\":[],\"sellingStatusType\":null,\"attributeCount\":0,\"attributeName\":null,\"productType\":\"PRODUCT\",\"itemImages\":null,\"defaultExposure\":false,\"trackingCodeMain\":null,\"trackingCodeSub\":null,\"reviewRatingAverage\":4.5,\"reviewRatingCount\":3538,\"sectionContent\":null,\"hasUnitPriceInfo\":false,\"unitPriceInfo\":null,\"latLngs\":null,\"categoryBestIds\":null,\"debugInfo\":null,\"packageType\":null,\"bestPrice\":false,\"rocketWow\":false,\"rocketFresh\":false,\"pricePrefix\":\"\",\"priceDescription\":null,\"discountedDescription\":\"\",\"subscribeCouponPrice\":null,\"unitPrice\":{\"amount\":1,\"extendedPrice\":{\"money\":{\"amount\":409,\"currency\":\"KRW\"},\"offset\":0},\"priceEx\":{\"amount\":409,\"currency\":\"KRW\"},\"unit\":\"정\"},\"subscribeUnitPrice\":null,\"badges\":[{\"attributeByKey\":{},\"id\":\"ROCKET_CASH_REWARD\",\"text\":\"최대 1,228원 적립\",\"type\":\"ROCKET_REWARD\"},{\"attributeByKey\":{},\"id\":\"ROCKET\",\"text\":null,\"type\":\"SHIPPINGTYPE\"}],\"brands\":[\"에버그린\"],\"brandIds\":[\"11661\"],\"benefits\":null,\"subscribeBenefits\":null,\"falconDeliveryType\":null,\"falconDeliveryDate\":null,\"promisedDeliveryDate\":[{\"bold\":false,\"color\":\"#008C00\",\"size\":14,\"text\":\"내일(금) \"},{\"bold\":false,\"color\":\"#008C00\",\"size\":14,\"text\":\"도착 보장\"}],\"promisedDeliveryDateExpressions\":{\"STANDARD\":{\"cutOffDateUTC\":\"2025-11-20T15:00:00.000Z\",\"expressions\":[{\"bold\":false,\"color\":\"#008C00\",\"size\":14,\"text\":\"내일(금) \"},{\"bold\":false,\"color\":\"#008C00\",\"size\":14,\"text\":\"도착 보장\"}],\"pddUTC\":\"2025-11-21T14:59:59.000Z\"}},\"dateInfo\":null,\"hasNewItem\":true,\"sponsored\":false,\"logging\":null,\"usedProductInfo\":null,\"usedProductPrice\":null,\"usedOnlyItem\":false,\"detailPriceInfos\":[{\"quantity\":1,\"priceType\":\"FINAL_PRICE\",\"price\":24550,\"priceWithDeliveryFee\":24550,\"discountType\":null,\"discountRate\":null,\"priceBasedDiscountRate\":null,\"promotionBadgeTexts\":{},\"discountAmount\":0,\"description\":\"\",\"unitPrice\":{\"amount\":1,\"extendedPrice\":{\"money\":{\"amount\":409,\"currency\":\"KRW\"},\"offset\":0},\"priceEx\":{\"amount\":409,\"currency\":\"KRW\"},\"unit\":\"정\"},\"unitPriceWithDeliveryFee\":{\"amount\":1,\"extendedPrice\":{\"money\":{\"amount\":409,\"currency\":\"KRW\"},\"offset\":0},\"priceEx\":null,\"unit\":\"정\"},\"eligibilityConditions\":{},\"priceEx\":null,\"manageCode\":null,\"expiryDate\":null,\"membershipType\":null,\"paymentMethodId\":null,\"paymentMethodDescription\":null,\"cardIdentificationType\":null,\"cardBrand\":null,\"cardCode\":null,\"cardType\":null,\"i18nDiscountAmount\":{\"amount\":\"0\",\"rawAmount\":0,\"fractionDigits\":0,\"currency\":\"KRW\"},\"percentageDiscount\":false,\"i18nPrice\":{\"amount\":\"24550\",\"rawAmount\":24550,\"fractionDigits\":0,\"currency\":\"KRW\"},\"fixedDiscount\":false},{\"quantity\":1,\"priceType\":\"DELIVERY_BUNDLE_REWARD_CASH\",\"price\":246,\"priceWithDeliveryFee\":0,\"discountType\":\"PERCENTAGE\",\"discountRate\":1,\"priceBasedDiscountRate\":null,\"promotionBadgeTexts\":{},\"discountAmount\":246,\"description\":\"쿠페이 머니 결제 시 1% 적립\",\"unitPrice\":null,\"unitPriceWithDeliveryFee\":null,\"eligibilityConditions\":{\"USER_BUDGET\":[\"10000\"],\"USER_BUDGET_I18N\":[\"{\\\"currencyCode\\\":\\\"KRW\\\",\\\"units\\\":10000,\\\"nanos\\\":0}\"]},\"priceEx\":null,\"manageCode\":\"COUPAY_MONEY_CASHBACK\",\"expiryDate\":4070962799000,\"membershipType\":null,\"paymentMethodId\":null,\"paymentMethodDescription\":null,\"cardIdentificationType\":null,\"cardBrand\":null,\"cardCode\":null,\"cardType\":null,\"i18nDiscountAmount\":{\"amount\":\"246\",\"rawAmount\":246,\"fractionDigits\":0,\"currency\":\"KRW\"},\"percentageDiscount\":true,\"i18nPrice\":{\"amount\":\"246\",\"rawAmount\":246,\"fractionDigits\":0,\"currency\":\"KRW\"},\"fixedDiscount\":false},{\"quantity\":1,\"priceType\":\"GIFTING_REWARD_CASH\",\"price\":246,\"priceWithDeliveryFee\":0,\"discountType\":\"PERCENTAGE\",\"discountRate\":null,\"priceBasedDiscountRate\":null,\"promotionBadgeTexts\":{},\"discountAmount\":246,\"description\":\"로켓 선물하기 이용 시 1% 적립\",\"unitPrice\":null,\"unitPriceWithDeliveryFee\":null,\"eligibilityConditions\":{\"USER_BUDGET\":[\"50000\"],\"USER_BUDGET_I18N\":[\"{\\\"currencyCode\\\":\\\"KRW\\\",\\\"units\\\":50000,\\\"nanos\\\":0}\"]},\"priceEx\":null,\"manageCode\":\"cashback_gifting_1off\",\"expiryDate\":null,\"membershipType\":null,\"paymentMethodId\":null,\"paymentMethodDescription\":null,\"cardIdentificationType\":null,\"cardBrand\":null,\"cardCode\":null,\"cardType\":null,\"i18nDiscountAmount\":{\"amount\":\"246\",\"rawAmount\":246,\"fractionDigits\":0,\"currency\":\"KRW\"},\"percentageDiscount\":true,\"i18nPrice\":{\"amount\":\"246\",\"rawAmount\":246,\"fractionDigits\":0,\"currency\":\"KRW\"},\"fixedDiscount\":false},{\"quantity\":1,\"priceType\":\"SALES\",\"price\":24550,\"priceWithDeliveryFee\":24550,\"discountType\":null,\"discountRate\":null,\"priceBasedDiscountRate\":null,\"promotionBadgeTexts\":{},\"discountAmount\":0,\"description\":\"쿠팡판매가\",\"unitPrice\":{\"amount\":1,\"extendedPrice\":{\"money\":{\"amount\":409,\"currency\":\"KRW\"},\"offset\":0},\"priceEx\":{\"amount\":409,\"currency\":\"KRW\"},\"unit\":\"정\"},\"unitPriceWithDeliveryFee\":{\"amount\":1,\"extendedPrice\":{\"money\":{\"amount\":409,\"currency\":\"KRW\"},\"offset\":0},\"priceEx\":null,\"unit\":\"정\"},\"eligibilityConditions\":{},\"priceEx\":null,\"manageCode\":null,\"expiryDate\":null,\"membershipType\":null,\"paymentMethodId\":null,\"paymentMethodDescription\":null,\"cardIdentificationType\":null,\"cardBrand\":null,\"cardCode\":null,\"cardType\":null,\"i18nDiscountAmount\":{\"amount\":\"0\",\"rawAmount\":0,\"fractionDigits\":0,\"currency\":\"KRW\"},\"percentageDiscount\":false,\"i18nPrice\":{\"amount\":\"24550\",\"rawAmount\":24550,\"fractionDigits\":0,\"currency\":\"KRW\"},\"fixedDiscount\":false}],\"priceByMemberStatus\":{\"NOT_MEMBER\":[{\"quantity\":1,\"priceType\":\"FINAL_PRICE\",\"price\":24550,\"priceWithDeliveryFee\":24550,\"discountType\":null,\"discountRate\":null,\"priceBasedDiscountRate\":null,\"promotionBadgeTexts\":{},\"discountAmount\":0,\"description\":\"\",\"unitPrice\":{\"amount\":1,\"extendedPrice\":{\"money\":{\"amount\":409,\"currency\":\"KRW\"},\"offset\":0},\"priceEx\":{\"amount\":409,\"currency\":\"KRW\"},\"unit\":\"정\"},\"unitPriceWithDeliveryFee\":{\"amount\":1,\"extendedPrice\":{\"money\":{\"amount\":409,\"currency\":\"KRW\"},\"offset\":0},\"priceEx\":null,\"unit\":\"정\"},\"eligibilityConditions\":{},\"priceEx\":null,\"manageCode\":null,\"expiryDate\":null,\"membershipType\":null,\"paymentMethodId\":null,\"paymentMethodDescription\":null,\"cardIdentificationType\":null,\"cardBrand\":null,\"cardCode\":null,\"cardType\":null,\"i18nDiscountAmount\":{\"amount\":\"0\",\"rawAmount\":0,\"fractionDigits\":0,\"currency\":\"KRW\"},\"percentageDiscount\":false,\"i18nPrice\":{\"amount\":\"24550\",\"rawAmount\":24550,\"fractionDigits\":0,\"currency\":\"KRW\"},\"fixedDiscount\":false},{\"quantity\":1,\"priceType\":\"DELIVERY_BUNDLE_REWARD_CASH\",\"price\":246,\"priceWithDeliveryFee\":0,\"discountType\":\"PERCENTAGE\",\"discountRate\":1,\"priceBasedDiscountRate\":null,\"promotionBadgeTexts\":{},\"discountAmount\":246,\"description\":\"쿠페이 머니 결제 시 1% 적립\",\"unitPrice\":null,\"unitPriceWithDeliveryFee\":null,\"eligibilityConditions\":{\"USER_BUDGET\":[\"10000\"],\"USER_BUDGET_I18N\":[\"{\\\"currencyCode\\\":\\\"KRW\\\",\\\"units\\\":10000,\\\"nanos\\\":0}\"]},\"priceEx\":null,\"manageCode\":\"COUPAY_MONEY_CASHBACK\",\"expiryDate\":4070962799000,\"membershipType\":null,\"paymentMethodId\":null,\"paymentMethodDescription\":null,\"cardIdentificationType\":null,\"cardBrand\":null,\"cardCode\":null,\"cardType\":null,\"i18nDiscountAmount\":{\"amount\":\"246\",\"rawAmount\":246,\"fractionDigits\":0,\"currency\":\"KRW\"},\"percentageDiscount\":true,\"i18nPrice\":{\"amount\":\"246\",\"rawAmount\":246,\"fractionDigits\":0,\"currency\":\"KRW\"},\"fixedDiscount\":false},{\"quantity\":1,\"priceType\":\"GIFTING_REWARD_CASH\",\"price\":246,\"priceWithDeliveryFee\":0,\"discountType\":\"PERCENTAGE\",\"discountRate\":null,\"priceBasedDiscountRate\":null,\"promotionBadgeTexts\":{},\"discountAmount\":246,\"description\":\"로켓 선물하기 이용 시 1% 적립\",\"unitPrice\":null,\"unitPriceWithDeliveryFee\":null,\"eligibilityConditions\":{\"USER_BUDGET\":[\"50000\"],\"USER_BUDGET_I18N\":[\"{\\\"currencyCode\\\":\\\"KRW\\\",\\\"units\\\":50000,\\\"nanos\\\":0}\"]},\"priceEx\":null,\"manageCode\":\"cashback_gifting_1off\",\"expiryDate\":null,\"membershipType\":null,\"paymentMethodId\":null,\"paymentMethodDescription\":null,\"cardIdentificationType\":null,\"cardBrand\":null,\"cardCode\":null,\"cardType\":null,\"i18nDiscountAmount\":{\"amount\":\"246\",\"rawAmount\":246,\"fractionDigits\":0,\"currency\":\"KRW\"},\"percentageDiscount\":true,\"i18nPrice\":{\"amount\":\"246\",\"rawAmount\":246,\"fractionDigits\":0,\"currency\":\"KRW\"},\"fixedDiscount\":false},{\"quantity\":1,\"priceType\":\"SALES\",\"price\":24550,\"priceWithDeliveryFee\":24550,\"discountType\":null,\"discountRate\":null,\"priceBasedDiscountRate\":null,\"promotionBadgeTexts\":{},\"discountAmount\":0,\"description\":\"쿠팡판매가\",\"unitPrice\":{\"amount\":1,\"extendedPrice\":{\"money\":{\"amount\":409,\"currency\":\"KRW\"},\"offset\":0},\"priceEx\":{\"amount\":409,\"currency\":\"KRW\"},\"unit\":\"정\"},\"unitPriceWithDeliveryFee\":{\"amount\":1,\"extendedPrice\":{\"money\":{\"amount\":409,\"currency\":\"KRW\"},\"offset\":0},\"priceEx\":null,\"unit\":\"정\"},\"eligibilityConditions\":{},\"priceEx\":null,\"manageCode\":null,\"expiryDate\":null,\"membershipType\":null,\"paymentMethodId\":null,\"paymentMethodDescription\":null,\"cardIdentificationType\":null,\"cardBrand\":null,\"cardCode\":null,\"cardType\":null,\"i18nDiscountAmount\":{\"amount\":\"0\",\"rawAmount\":0,\"fractionDigits\":0,\"currency\":\"KRW\"},\"percentageDiscount\":false,\"i18nPrice\":{\"amount\":\"24550\",\"rawAmount\":24550,\"fractionDigits\":0,\"currency\":\"KRW\"},\"fixedDiscount\":false}],\"MEMBER\":[{\"quantity\":1,\"priceType\":\"FINAL_PRICE\",\"price\":24550,\"priceWithDeliveryFee\":24550,\"discountType\":null,\"discountRate\":null,\"priceBasedDiscountRate\":null,\"promotionBadgeTexts\":{},\"discountAmount\":0,\"description\":\"\",\"unitPrice\":{\"amount\":1,\"extendedPrice\":{\"money\":{\"amount\":409,\"currency\":\"KRW\"},\"offset\":0},\"priceEx\":{\"amount\":409,\"currency\":\"KRW\"},\"unit\":\"정\"},\"unitPriceWithDeliveryFee\":{\"amount\":1,\"extendedPrice\":{\"money\":{\"amount\":409,\"currency\":\"KRW\"},\"offset\":0},\"priceEx\":null,\"unit\":\"정\"},\"eligibilityConditions\":{},\"priceEx\":null,\"manageCode\":null,\"expiryDate\":null,\"membershipType\":null,\"paymentMethodId\":null,\"paymentMethodDescription\":null,\"cardIdentificationType\":null,\"cardBrand\":null,\"cardCode\":null,\"cardType\":null,\"i18nDiscountAmount\":{\"amount\":\"0\",\"rawAmount\":0,\"fractionDigits\":0,\"currency\":\"KRW\"},\"percentageDiscount\":false,\"i18nPrice\":{\"amount\":\"24550\",\"rawAmount\":24550,\"fractionDigits\":0,\"currency\":\"KRW\"},\"fixedDiscount\":false},{\"quantity\":1,\"priceType\":\"DELIVERY_BUNDLE_REWARD_CASH\",\"price\":246,\"priceWithDeliveryFee\":0,\"discountType\":\"PERCENTAGE\",\"discountRate\":1,\"priceBasedDiscountRate\":null,\"promotionBadgeTexts\":{},\"discountAmount\":246,\"description\":\"쿠페이 머니 결제 시 1% 적립\",\"unitPrice\":null,\"unitPriceWithDeliveryFee\":null,\"eligibilityConditions\":{\"USER_BUDGET\":[\"10000\"],\"USER_BUDGET_I18N\":[\"{\\\"currencyCode\\\":\\\"KRW\\\",\\\"units\\\":10000,\\\"nanos\\\":0}\"]},\"priceEx\":null,\"manageCode\":\"COUPAY_MONEY_CASHBACK\",\"expiryDate\":4070962799000,\"membershipType\":null,\"paymentMethodId\":null,\"paymentMethodDescription\":null,\"cardIdentificationType\":null,\"cardBrand\":null,\"cardCode\":null,\"cardType\":null,\"i18nDiscountAmount\":{\"amount\":\"246\",\"rawAmount\":246,\"fractionDigits\":0,\"currency\":\"KRW\"},\"percentageDiscount\":true,\"i18nPrice\":{\"amount\":\"246\",\"rawAmount\":246,\"fractionDigits\":0,\"currency\":\"KRW\"},\"fixedDiscount\":false},{\"quantity\":1,\"priceType\":\"ROCKET_WOW_COUPAY_MONEY_REWARD_CASH\",\"price\":982,\"priceWithDeliveryFee\":0,\"discountType\":\"PERCENTAGE\",\"discountRate\":4,\"priceBasedDiscountRate\":null,\"promotionBadgeTexts\":{},\"discountAmount\":982,\"description\":\"[로켓와우 + 쿠페이 머니] 결제 시 4% 추가적립\",\"unitPrice\":null,\"unitPriceWithDeliveryFee\":null,\"eligibilityConditions\":{\"USER_BUDGET\":[\"40000\"],\"ELIGIBILITY_DAYS\":[\"30\"],\"USER_BUDGET_I18N\":[\"{\\\"currencyCode\\\":\\\"KRW\\\",\\\"units\\\":40000,\\\"nanos\\\":0}\"]},\"priceEx\":null,\"manageCode\":\"ROCKETWOW_COUPAY_MONEY_CASHBACK_JUN2019\",\"expiryDate\":1930003200000,\"membershipType\":null,\"paymentMethodId\":null,\"paymentMethodDescription\":null,\"cardIdentificationType\":null,\"cardBrand\":null,\"cardCode\":null,\"cardType\":null,\"i18nDiscountAmount\":{\"amount\":\"982\",\"rawAmount\":982,\"fractionDigits\":0,\"currency\":\"KRW\"},\"percentageDiscount\":true,\"i18nPrice\":{\"amount\":\"982\",\"rawAmount\":982,\"fractionDigits\":0,\"currency\":\"KRW\"},\"fixedDiscount\":false},{\"quantity\":1,\"priceType\":\"ROCKET_WOW_COUPAY_BANK_REWARD_CASH\",\"price\":491,\"priceWithDeliveryFee\":0,\"discountType\":\"PERCENTAGE\",\"discountRate\":2,\"priceBasedDiscountRate\":null,\"promotionBadgeTexts\":{},\"discountAmount\":491,\"description\":\"[로켓와우 + 쿠페이 계좌이체] 결제 시 2% 적립\",\"unitPrice\":null,\"unitPriceWithDeliveryFee\":null,\"eligibilityConditions\":{\"USER_BUDGET\":[\"20000\"],\"ELIGIBILITY_DAYS\":[\"30\"],\"USER_BUDGET_I18N\":[\"{\\\"currencyCode\\\":\\\"KRW\\\",\\\"units\\\":20000,\\\"nanos\\\":0}\"]},\"priceEx\":null,\"manageCode\":\"ROCKETWOW_COUPAY_BANK_CASHBACK_JUN2019\",\"expiryDate\":1930003200000,\"membershipType\":null,\"paymentMethodId\":null,\"paymentMethodDescription\":null,\"cardIdentificationType\":null,\"cardBrand\":null,\"cardCode\":null,\"cardType\":null,\"i18nDiscountAmount\":{\"amount\":\"491\",\"rawAmount\":491,\"fractionDigits\":0,\"currency\":\"KRW\"},\"percentageDiscount\":true,\"i18nPrice\":{\"amount\":\"491\",\"rawAmount\":491,\"fractionDigits\":0,\"currency\":\"KRW\"},\"fixedDiscount\":false},{\"quantity\":1,\"priceType\":\"GIFTING_REWARD_CASH\",\"price\":246,\"priceWithDeliveryFee\":0,\"discountType\":\"PERCENTAGE\",\"discountRate\":null,\"priceBasedDiscountRate\":null,\"promotionBadgeTexts\":{},\"discountAmount\":246,\"description\":\"로켓 선물하기 이용 시 1% 적립\",\"unitPrice\":null,\"unitPriceWithDeliveryFee\":null,\"eligibilityConditions\":{\"USER_BUDGET\":[\"50000\"],\"USER_BUDGET_I18N\":[\"{\\\"currencyCode\\\":\\\"KRW\\\",\\\"units\\\":50000,\\\"nanos\\\":0}\"]},\"priceEx\":null,\"manageCode\":\"cashback_gifting_1off\",\"expiryDate\":null,\"membershipType\":null,\"paymentMethodId\":null,\"paymentMethodDescription\":null,\"cardIdentificationType\":null,\"cardBrand\":null,\"cardCode\":null,\"cardType\":null,\"i18nDiscountAmount\":{\"amount\":\"246\",\"rawAmount\":246,\"fractionDigits\":0,\"currency\":\"KRW\"},\"percentageDiscount\":true,\"i18nPrice\":{\"amount\":\"246\",\"rawAmount\":246,\"fractionDigits\":0,\"currency\":\"KRW\"},\"fixedDiscount\":false},{\"quantity\":1,\"priceType\":\"SALES\",\"price\":24550,\"priceWithDeliveryFee\":24550,\"discountType\":null,\"discountRate\":null,\"priceBasedDiscountRate\":null,\"promotionBadgeTexts\":{},\"discountAmount\":0,\"description\":\"쿠팡판매가\",\"unitPrice\":{\"amount\":1,\"extendedPrice\":{\"money\":{\"amount\":409,\"currency\":\"KRW\"},\"offset\":0},\"priceEx\":{\"amount\":409,\"currency\":\"KRW\"},\"unit\":\"정\"},\"unitPriceWithDeliveryFee\":{\"amount\":1,\"extendedPrice\":{\"money\":{\"amount\":409,\"currency\":\"KRW\"},\"offset\":0},\"priceEx\":null,\"unit\":\"정\"},\"eligibilityConditions\":{},\"priceEx\":null,\"manageCode\":null,\"expiryDate\":null,\"membershipType\":null,\"paymentMethodId\":null,\"paymentMethodDescription\":null,\"cardIdentificationType\":null,\"cardBrand\":null,\"cardCode\":null,\"cardType\":null,\"i18nDiscountAmount\":{\"amount\":\"0\",\"rawAmount\":0,\"fractionDigits\":0,\"currency\":\"KRW\"},\"percentageDiscount\":false,\"i18nPrice\":{\"amount\":\"24550\",\"rawAmount\":24550,\"fractionDigits\":0,\"currency\":\"KRW\"},\"fixedDiscount\":false}]},\"paymentMethodPricesByMemberStatus\":{},\"paymentMethodPrices\":[],\"showWowPrice\":false,\"properties\":{\"AUTO_CANCELED\":\"APPROVAL_CANCEL\",\"OVERSEAS_PURCHASED\":\"false\",\"IMPORT_AGENCY_NAME\":\"\",\"GIFT_WRAP_ELIGIBLE\":\"false\",\"SEPARATE_REFUND_POLICY\":\"false\",\"PERSONAL_INFORMATION_USE_AGREE\":\"false\",\"TAX_TYPE\":\"TAX\",\"BEST_PRICE_GUARANTEED_3P\":\"false\",\"IS_PCC_NEEDED\":\"false\",\"SEVEN_REFUND_AGREE\":\"false\",\"PRODUCED_DATE\":\"\",\"AUTO_DISPLAY\":\"false\",\"CANCEL_BUTTON_SHOWED\":\"false\",\"VARIATIONAL_OFFERS\":\"3617842725,3667232775\",\"NOT_FOR_INDIVIDUAL_SALE\":\"false\",\"REGISTERED_FROM\":\"RETAIL\",\"PARALLEL_IMPORTED\":\"false\",\"STOCK_SHOWED\":\"true\",\"PRE_ORDER\":\"false\",\"EXTRA_INFO_LABEL_EX\":\"{\\\"ko_KR\\\":\\\"\\\"}\",\"EXPIRED_DATE\":\"2027-01-01\",\"PRINT_BUTTON_SHOWED\":\"true\",\"IS_IMPORT_AGENCY\":\"false\",\"MANUFACTURED_DATE\":\"2024-01-18\",\"ORIGIN_VENDOR_ITEM_VALID\":\"true\",\"OFFER_CONDITION\":\"NEW\",\"ORIGINAL_PRICE_FOR_RETAIL\":\"0\",\"ORIGINAL_PRICE_FOR_RETAIL_I18N\":\"{\\\"currencyCode\\\":\\\"KRW\\\",\\\"units\\\":0,\\\"nanos\\\":0}\",\"SALE_PERIOD_TYPE\":\"FLASH\",\"FRONT_CANCELABLE\":\"true\",\"EXTRA_INFO_LABEL\":\"\",\"THIRD_PARTY_AGREE\":\"true\",\"IMPORT_AGENCY_NAME_EX\":\"{\\\"ko_KR\\\":\\\"\\\"}\",\"REMOTE_AREA_DELIVERABLE\":\"true\",\"ROCKET_MARKET_CHILD_VIID\":\"91020839233\",\"PURCHASED_BEFORE\":\"false\",\"COLD_START\":\"false\",\"RANK_BEFORE_COLD_START_BOOST\":\"0\",\"OFFER_CONDITION_V2\":\"NEW\"},\"itemAttributes\":{\"7347\":{\"expose\":false,\"id\":7347,\"name\":\"건강식품 사용대상\",\"value\":\"범용\",\"valueWithUnit\":\"범용\",\"weight\":5,\"unitDescription\":\"없음\"},\"7652\":{\"expose\":true,\"id\":7652,\"name\":\"수량\",\"value\":\"1\",\"valueWithUnit\":\"1개\",\"weight\":2,\"unitDescription\":\"개\"},\"7923\":{\"expose\":false,\"id\":7923,\"name\":\"구성품\",\"value\":\"단품\",\"valueWithUnit\":\"단품\",\"weight\":16,\"unitDescription\":\"없음\"},\"10496\":{\"expose\":false,\"id\":10496,\"name\":\"패션 의류/잡화 색상계열\",\"value\":\"옐로우계열\",\"valueWithUnit\":\"옐로우계열\",\"weight\":17,\"unitDescription\":\"없음\"},\"10573\":{\"expose\":false,\"id\":10573,\"name\":\"건강식품 타입\",\"value\":\"캡슐\",\"valueWithUnit\":\"캡슐\",\"weight\":4,\"unitDescription\":\"없음\"},\"11411\":{\"expose\":false,\"id\":11411,\"name\":\"보관방식\",\"value\":\"실온보관\",\"valueWithUnit\":\"실온보관\",\"weight\":12,\"unitDescription\":\"없음\"},\"12293\":{\"expose\":false,\"id\":12293,\"name\":\"총 캡슐/정 수량\",\"value\":\"60\",\"valueWithUnit\":\"60정\",\"weight\":6,\"unitDescription\":\"정\"},\"12546\":{\"expose\":false,\"id\":12546,\"name\":\"건강기능식품\",\"value\":\"인증 있음\",\"valueWithUnit\":\"인증 있음\",\"weight\":15,\"unitDescription\":\"없음\"},\"12746\":{\"expose\":false,\"id\":12746,\"name\":\"유산균 종류\",\"value\":\"신바이오틱스\",\"valueWithUnit\":\"신바이오틱스\",\"weight\":7,\"unitDescription\":\"없음\"},\"12915\":{\"expose\":false,\"id\":12915,\"name\":\"건강식품 성분\",\"value\":\"단일영양제\",\"valueWithUnit\":\"단일영양제\",\"weight\":14,\"unitDescription\":\"없음\"},\"12916\":{\"expose\":false,\"id\":12916,\"name\":\"유산균 보장균수\",\"value\":\"51억 이상\",\"valueWithUnit\":\"51억 이상\",\"weight\":13,\"unitDescription\":\"없음\"},\"14264\":{\"expose\":true,\"id\":14264,\"name\":\"개당 캡슐/정\",\"value\":\"60\",\"valueWithUnit\":\"60정\",\"weight\":1,\"unitDescription\":\"정\"}},\"adhocProperties\":{},\"divisionType\":\"GOODS\",\"offerAttribute\":null,\"badgeReorder\":false,\"soldOutReason\":null,\"purchasedCount\":null,\"lastPurchasedDateUTC\":null,\"warrantyService\":{\"warrantyMonth\":0,\"available\":false},\"brandInfoList\":[{\"shopAvailable\":false,\"properties\":null,\"name\":\"에버그린\",\"logoImagePath\":\"brandLogo/brandLogo_2bcaccd7-e0a1-4c68-98d3-a27e0aa182ec.jpg\",\"id\":11661,\"description\":\"에버그린\",\"luxuryBrand\":false,\"farfetchBrand\":false,\"brandTier\":null,\"officialBrandName\":\"에버그린\",\"tier1\":false,\"tier2\":false,\"tier3\":false,\"bothFashionBeauty\":false,\"brandShopLink\":null,\"farfetchBrandShopLink\":null,\"brandKeywordBannerRluxMainImage\":null,\"brandKeywordBannerFarfetchMainImage\":null,\"brandWhiteLogo\":null}],\"freebie\":null,\"wowMember\":false,\"memberDto\":{\"loyaltyMemberId\":null,\"loyaltyMemberStatus\":\"UNKNOWN\",\"rocketWowEligible\":true,\"profilingSegments\":[],\"acquirerCode\":null,\"creditCardHistoryIn90Day\":null,\"agreeCollect\":false,\"studentStatus\":null,\"membershipBenefits\":[{\"type\":\"CARD_ISSUANCE.WOW\",\"attribute\":null,\"granted\":true},{\"type\":\"CASHBACK.BASIC\",\"attribute\":null,\"granted\":false},{\"type\":\"EATS\",\"attribute\":null,\"granted\":false},{\"type\":\"FAST_DELIVERY.DAWN\",\"attribute\":null,\"granted\":false},{\"type\":\"FAST_DELIVERY.PDD\",\"attribute\":null,\"granted\":false},{\"type\":\"FAST_DELIVERY.SAME_DAY\",\"attribute\":null,\"granted\":false},{\"type\":\"FREE_RETURN.FARFETCH\",\"attribute\":null,\"granted\":false},{\"type\":\"FREE_RETURN.JIKGU\",\"attribute\":null,\"granted\":false},{\"type\":\"FREE_RETURN.OTHERS\",\"attribute\":null,\"granted\":false},{\"type\":\"FREE_RETURN.ROCKET\",\"attribute\":null,\"granted\":false},{\"type\":\"FREE_SHIPPING.FARFETCH\",\"attribute\":null,\"granted\":true},{\"type\":\"FREE_SHIPPING.JIKGU\",\"attribute\":null,\"granted\":false},{\"type\":\"FREE_SHIPPING.OTHERS\",\"attribute\":null,\"granted\":false},{\"type\":\"FREE_SHIPPING.ROCKET\",\"attribute\":null,\"granted\":false},{\"type\":\"MEMBERSHIP_ENABLEMENT.WOW\",\"attribute\":null,\"granted\":false},{\"type\":\"MEMBERSHIP_PERIOD.WOW\",\"attribute\":null,\"granted\":true},{\"type\":\"MEMBERSHIP_PRICE.WOW\",\"attribute\":null,\"granted\":true},{\"type\":\"PLAY\",\"attribute\":null,\"granted\":false},{\"type\":\"PURCHASE.FRESH\",\"attribute\":null,\"granted\":false},{\"type\":\"SIGNUP_PROMOTION.PPC_PROMOTION\",\"attribute\":null,\"granted\":true},{\"type\":\"SIGNUP_PROMOTION.PPD_PROMOTION\",\"attribute\":null,\"granted\":true},{\"type\":\"SIGNUP_PROMOTION.WELCOME_PROMOTION\",\"attribute\":null,\"granted\":true},{\"type\":\"WOW_PRICE.BASIC\",\"attribute\":null,\"granted\":false},{\"type\":\"WOW_PRICE.BEST_PRICE\",\"attribute\":null,\"granted\":false},{\"type\":\"WOW_PRICE.EXCLUSIVE_PRICE\",\"attribute\":null,\"granted\":false},{\"type\":\"WOW_PRICE.TIME_DISCOUNT\",\"attribute\":null,\"granted\":false},{\"type\":\"WOW_PRICE.TRAVEL_DISCOUNT\",\"attribute\":null,\"granted\":false},{\"type\":\"WOW_PRICE.WOW_CCID\",\"attribute\":null,\"granted\":false},{\"type\":\"WOW_PRICE.WOW_DISCOUNT\",\"attribute\":null,\"granted\":false},{\"type\":\"WOW_PRICE.WOW_ONLY_COUPON\",\"attribute\":null,\"granted\":false}],\"memberPaymentDto\":{\"activeOptionAcquirerCode\":null,\"activeOptionExist\":false,\"activeOptionCardType\":null,\"activeOptionPayType\":null,\"activeOptionCardBrandCode\":null,\"activeOptionCardIdentificationType\":null,\"activeOptionPartnerBrand\":null},\"rocketWowMember\":false,\"nonPseudoRocketWowMember\":false,\"pseudoMember\":false},\"categoryId\":8541,\"remoteShippingFeeChargeable\":false,\"adult\":false,\"rocketDelivery\":true,\"freeDelivery\":false,\"directUse\":false,\"freeOver9800Delivery\":false,\"i18nCouponPrice\":null,\"subscriptionDelivery\":false,\"subscriptionPromotion\":false,\"globalDelivery\":false,\"i18nOriginalPrice\":{\"amount\":\"0\",\"rawAmount\":0,\"fractionDigits\":0,\"currency\":\"KRW\"},\"i18nSubscriptionPrice\":null,\"couPick\":false,\"i18nSalesPrice\":{\"amount\":\"24550\",\"rawAmount\":24550,\"fractionDigits\":0,\"currency\":\"KRW\"},\"i18nMinPrice\":null,\"i18nSubscribeCouponPrice\":null},\"legacyProductId\":78668006,\"bestArea\":{\"sequence\":-1,\"show\":false},\"imageAndTitleArea\":{\"description\":\"\",\"title\":\"에버그린 킹 프리미엄 프로바이오틱스, 60정, 1개\",\"travelUrl\":\"\",\"defaultUrl\":\"//thumbnail.coupangcdn.com/thumbnails/remote/230x230ex/image/retail/images/2018/04/05/18/9/20bfecd1-9220-43c6-81aa-8168d0d44e29.jpg\",\"oriDefaultUrl\":\"retail/images/2018/04/05/18/9/20bfecd1-9220-43c6-81aa-8168d0d44e29.jpg\",\"oriTravelUrl\":\"\",\"oriLocalUrl\":\"\",\"localUrl\":\"\",\"thumbnailUrl\":null,\"isWideImage\":false,\"wideImageUrl\":\"\"},\"priceArea\":{\"originalPrice\":\"0\",\"salesPrice\":\"24,550\",\"lowestPrice\":null,\"instantDiscountPrice\":\"\",\"criteriaPriceInfo\":\"\",\"basePrice\":\"0\",\"price\":\"24,550\",\"discountRate\":0,\"instantDiscountDescription\":\"\",\"shippingFeeDescription\":null,\"showInstantDiscountDescription\":false,\"discountCountDownText\":null,\"discountExpireTime\":null,\"badDiscount\":false,\"i18nOriginalPrice\":{\"amount\":\"0\",\"rawAmount\":null,\"fractionDigits\":0,\"currency\":\"KRW\"},\"i18nLowestPrice\":null,\"i18nSalesPrice\":{\"amount\":\"24550\",\"rawAmount\":null,\"fractionDigits\":0,\"currency\":\"KRW\"},\"i18nPrice\":{\"amount\":\"24550\",\"rawAmount\":null,\"fractionDigits\":0,\"currency\":\"KRW\"},\"discount\":false,\"instantDiscount\":false,\"i18nBasePrice\":{\"amount\":\"0\",\"rawAmount\":null,\"fractionDigits\":0,\"currency\":\"KRW\"},\"i18nInstantDiscountPrice\":null},\"subscriptionPriceArea\":null,\"snsDiscountRate\":-1,\"wowOnlyInstantDiscountRate\":-1,\"bundlePriceArea\":{\"price\":\"409\",\"cnt\":\"1\",\"unitDescription\":\"정\",\"i18nPrice\":{\"amount\":\"409\",\"rawAmount\":null,\"fractionDigits\":0,\"currency\":\"KRW\"}},\"instantDiscountBundlePriceArea\":{\"price\":\"409\",\"cnt\":\"1\",\"unitDescription\":\"정\",\"i18nPrice\":{\"amount\":\"409\",\"rawAmount\":null,\"fractionDigits\":0,\"currency\":\"KRW\"}},\"buyCntArea\":{\"buyCntInBest50\":\"\",\"buyCnt\":\"\",\"showOriginalCnt\":false,\"premium\":false,\"showCnt\":false},\"soldoutArea\":{\"soldOutText\":\"일시품절\",\"soldout\":false},\"priceTagArea\":{\"css\":\"prod-type discounted-price\",\"title\":\"\",\"discountRate\":\"\"},\"labelArea\":{\"labelAreaContents\":[],\"todayClose\":false},\"badgeArea\":{\"badgeAreaContents\":[]},\"useDateArea\":null,\"uniqueMessageArea\":{\"uniqueMessage\":{\"description\":\"\",\"messages\":[{\"text\":\"\",\"emphasis\":false}]}},\"gaDataArea\":{\"category\":\"\",\"action\":\"\",\"label\":\"\",\"value\":0},\"rocketArea\":{\"badgeImage\":{\"iconUrl\":\"https://image.coupangcdn.com/image/rds/delivery_badge_ext/badge_1998ab96bf7.png\",\"iconWidth\":72,\"iconHeight\":16},\"show\":true},\"globalArea\":{\"badgeImage\":null,\"countryName\":null,\"show\":false},\"productArea\":{\"product\":true},\"cashBackArea\":{\"iconUrl\":\"https://image.coupangcdn.com/image/badges/cashback/web/list-cash-icon@2x.png\",\"cashRewardText\":\"최대 1,228원 적립\"},\"bestAward\":null,\"ccidEligible\":false,\"ccidArea\":null,\"stampImageInfo\":null,\"cornerTagArea\":null,\"link\":\"/vp/products/78668006?itemId=253747091\u0026vendorItemId=3617842725\u0026sourceType=SDW_TOP_SELLING_WIDGET_V2\u0026searchId=1a76afe61280463\u0026q=유산균\",\"sequence\":3,\"reviewArea\":{\"ratingAverage\":4.5,\"ratingCount\":3538,\"ratingRatio\":90},\"deadLineArea\":{\"almostSoldOut\":false,\"deadLineApproach\":false},\"bestPriceArea\":null,\"topBrandArea\":null,\"bizOnlyArea\":null,\"couPickArea\":null,\"attributeCount\":0,\"attributeName\":\"\",\"packageType\":null,\"productCount\":null,\"vendorItemId\":3617842725,\"benefitBadgeArea\":{\"badgeAreaContents\":[]},\"deliveryBadgeArea\":{\"badgeAreaContents\":[]},\"deliverySpeedBadgeArea\":null,\"subscriptionBundlePriceArea\":null,\"bestSellerBadgeArea\":null,\"rocketFreeShippingBadge\":null,\"promisedDeliveryDateArea\":{\"contents\":[{\"text\":\"내일(금) \",\"size\":14,\"color\":\"#008C00\",\"bold\":false},{\"text\":\"도착 보장\",\"size\":14,\"color\":\"#008C00\",\"bold\":false}],\"deliveryType\":null,\"deliveryBadgeImage\":null,\"notEmpty\":true},\"shippingInfoArea\":null,\"eligibleFalconArea\":null,\"usedProductArea\":{\"usedProductInfo\":null,\"usedProductPrice\":null,\"usedOnlyItem\":false,\"notDisplay\":false},\"adBadgeArea\":{\"sponsored\":false,\"adzerkLog\":null,\"showSeparator\":false},\"preOrder\":null,\"bundleOptionArea\":null,\"lowStockArea\":null,\"ranking\":null,\"couponNudgeText\":null,\"couponNudgeStyle\":null,\"couponTagArea\":null,\"ab56922IsB\":false,\"ab56923IsB\":false,\"ab92528SrpIsB\":false,\"ab92528PlpIsB\":false,\"badgeReorder\":false,\"luxuryBrandAuthenticityArea\":null,\"luxuryNudgeText\":null,\"fePricingCxType\":null,\"handymanArea\":null,\"lastPurchaseArea\":null,\"rluxBrandNameArea\":{\"show\":false,\"badgeImage\":null,\"brandName\":null,\"rluxAuthText\":null},\"adjustSpacingTarget\":false,\"hideArriveInfo\":false,\"emptyCcidAndCashback\":false,\"isRlux\":false,\"isFarfetch\":false,\"properties\":{\"promiseDeliveryDate\":\"내일(금) 도착 보장\",\"extendPdd\":false,\"remoteAreaShippingFeeBadge\":\"False\"},\"badges\":null,\"useBadges\":false,\"sponsored\":false,\"collection\":false,\"underGlobalThreshold\":false,\"showPipe\":false,\"showQuickView\":true,\"isCeCategory\":false},{\"index\":{\"legacyProductId\":{\"legacyProductId\":3239506,\"itemId\":14967051},\"salesPrice\":20690,\"itemId\":14967051,\"componentIds\":[],\"subscriptionPrice\":null,\"subscriptionDiscountRate\":null,\"originalSubscriptionDiscountRate\":null,\"subscriptionVendorItemId\":null,\"vendors\":[{\"id\":\"C00051747\",\"countryCode\":\"US\",\"countryName\":\"미국\"}],\"title\":\"스완슨 락토바실러스 액시도필러스 1 빌리언 CFU 캡슐, 250정, 1개\",\"productTitle\":\"스완슨 락토바실러스 액시도필러스 1 빌리언 CFU 캡슐, 250정, 1개\",\"alternativeTitle\":\"스완슨 락토바실러스 액시도필러스 1 빌리언 CFU 캡슐\",\"imageUrl\":\"vendor_inventory/668c/ec81b815c87f5e6b64106349bc6d5c4d815153cde0329847150f93a6f16e.jpg\",\"imageMainUrl\":\"vendor_inventory/668c/ec81b815c87f5e6b64106349bc6d5c4d815153cde0329847150f93a6f16e.jpg\",\"deliveryType\":\"COUPANG_GLOBAL\",\"deliveryInfo\":{\"remoteAreaDeliverable\":true,\"remoteArea\":null,\"outboundShippingTime\":24,\"outboundShippingPlaceId\":6,\"logisticType\":\"MERCHANT\",\"isLogistics\":false,\"freeShipOverAmountEx\":{\"currency\":\"KRW\",\"amount\":29800},\"finalFreeShipOverAmountEx\":{\"currency\":\"KRW\",\"amount\":29800},\"deliveryType\":\"FAST\",\"deliveryMethod\":\"AGENT_BUY\",\"deliveryCompanyName\":\"쿠팡로지스틱스\",\"deliveryCompanyCode\":\"CLS\",\"deliveryChargeOnReturnEx\":{\"currency\":\"KRW\",\"amount\":0},\"deliveryChargeEx\":{\"currency\":\"KRW\",\"amount\":2500},\"batchShipment\":true},\"minPrice\":null,\"originalPrice\":0,\"discountRate\":31,\"linkcodes\":[],\"sellingStatusType\":null,\"attributeCount\":0,\"attributeName\":null,\"productType\":\"PRODUCT\",\"itemImages\":null,\"defaultExposure\":false,\"trackingCodeMain\":null,\"trackingCodeSub\":null,\"reviewRatingAverage\":4.5,\"reviewRatingCount\":1293,\"sectionContent\":null,\"hasUnitPriceInfo\":false,\"unitPriceInfo\":null,\"latLngs\":null,\"categoryBestIds\":null,\"debugInfo\":null,\"packageType\":null,\"bestPrice\":false,\"rocketWow\":false,\"rocketFresh\":false,\"pricePrefix\":\"할인\",\"priceDescription\":null,\"discountedDescription\":\"할인\",\"couponPrice\":14270,\"subscribeCouponPrice\":null,\"unitPrice\":{\"amount\":1,\"extendedPrice\":{\"money\":{\"amount\":57,\"currency\":\"KRW\"},\"offset\":0},\"priceEx\":{\"amount\":57,\"currency\":\"KRW\"},\"unit\":\"정\"},\"subscribeUnitPrice\":null,\"badges\":[{\"attributeByKey\":{},\"id\":\"ROCKET_CASH_REWARD\",\"text\":\"최대 714원 적립\",\"type\":\"ROCKET_REWARD\"},{\"attributeByKey\":{},\"id\":\"COUPANG_GLOBAL\",\"text\":null,\"type\":\"SHIPPINGTYPE\"}],\"brands\":[\"스완슨\"],\"brandIds\":[\"29173\"],\"benefits\":null,\"subscribeBenefits\":null,\"falconDeliveryType\":null,\"falconDeliveryDate\":null,\"promisedDeliveryDate\":[{\"bold\":false,\"color\":\"#212B36\",\"size\":14,\"text\":\"11/23(일) \"},{\"bold\":false,\"color\":\"#212B36\",\"size\":14,\"text\":\"도착 예정\"}],\"promisedDeliveryDateExpressions\":{\"STANDARD\":{\"cutOffDateUTC\":\"1970-01-01T00:00:00.000Z\",\"expressions\":[{\"bold\":false,\"color\":\"#212B36\",\"size\":14,\"text\":\"11/23(일) \"},{\"bold\":false,\"color\":\"#212B36\",\"size\":14,\"text\":\"도착 예정\"}],\"pddUTC\":\"2025-11-23T14:59:59.999Z\"}},\"dateInfo\":null,\"hasNewItem\":true,\"sponsored\":false,\"logging\":null,\"usedProductInfo\":null,\"usedProductPrice\":null,\"usedOnlyItem\":false,\"detailPriceInfos\":[{\"quantity\":1,\"priceType\":\"INSTANT_DISCOUNT\",\"price\":14270,\"priceWithDeliveryFee\":16770,\"discountType\":\"PERCENTAGE\",\"discountRate\":31,\"priceBasedDiscountRate\":31,\"promotionBadgeTexts\":{},\"discountAmount\":6420,\"description\":\"할인\",\"unitPrice\":{\"amount\":1,\"extendedPrice\":{\"money\":{\"amount\":57,\"currency\":\"KRW\"},\"offset\":0},\"priceEx\":{\"amount\":57,\"currency\":\"KRW\"},\"unit\":\"정\"},\"unitPriceWithDeliveryFee\":{\"amount\":1,\"extendedPrice\":{\"money\":{\"amount\":67,\"currency\":\"KRW\"},\"offset\":0},\"priceEx\":null,\"unit\":\"정\"},\"eligibilityConditions\":{\"ROCKET_CLUB_STATUS\":[]},\"priceEx\":null,\"manageCode\":\"US-COST-GCD-discount_SD_cap_Zion_20251120_CF_10_off_VF_1-21_off_CP_0_off\",\"expiryDate\":1763676000000,\"membershipType\":null,\"paymentMethodId\":null,\"paymentMethodDescription\":null,\"cardIdentificationType\":null,\"cardBrand\":null,\"cardCode\":null,\"cardType\":null,\"i18nDiscountAmount\":{\"amount\":\"6420\",\"rawAmount\":6420,\"fractionDigits\":0,\"currency\":\"KRW\"},\"percentageDiscount\":true,\"i18nPrice\":{\"amount\":\"14270\",\"rawAmount\":14270,\"fractionDigits\":0,\"currency\":\"KRW\"},\"fixedDiscount\":false},{\"quantity\":1,\"priceType\":\"FINAL_PRICE\",\"price\":14270,\"priceWithDeliveryFee\":16770,\"discountType\":null,\"discountRate\":31,\"priceBasedDiscountRate\":31,\"promotionBadgeTexts\":{},\"discountAmount\":0,\"description\":\"할인\",\"unitPrice\":{\"amount\":1,\"extendedPrice\":{\"money\":{\"amount\":57,\"currency\":\"KRW\"},\"offset\":0},\"priceEx\":{\"amount\":57,\"currency\":\"KRW\"},\"unit\":\"정\"},\"unitPriceWithDeliveryFee\":{\"amount\":1,\"extendedPrice\":{\"money\":{\"amount\":67,\"currency\":\"KRW\"},\"offset\":0},\"priceEx\":null,\"unit\":\"정\"},\"eligibilityConditions\":{},\"priceEx\":null,\"manageCode\":null,\"expiryDate\":null,\"membershipType\":null,\"paymentMethodId\":null,\"paymentMethodDescription\":null,\"cardIdentificationType\":null,\"cardBrand\":null,\"cardCode\":null,\"cardType\":null,\"i18nDiscountAmount\":{\"amount\":\"0\",\"rawAmount\":0,\"fractionDigits\":0,\"currency\":\"KRW\"},\"percentageDiscount\":false,\"i18nPrice\":{\"amount\":\"14270\",\"rawAmount\":14270,\"fractionDigits\":0,\"currency\":\"KRW\"},\"fixedDiscount\":false},{\"quantity\":1,\"priceType\":\"DELIVERY_BUNDLE_REWARD_CASH\",\"price\":143,\"priceWithDeliveryFee\":0,\"discountType\":\"PERCENTAGE\",\"discountRate\":1,\"priceBasedDiscountRate\":null,\"promotionBadgeTexts\":{},\"discountAmount\":143,\"description\":\"쿠페이 머니 결제 시 1% 적립\",\"unitPrice\":null,\"unitPriceWithDeliveryFee\":null,\"eligibilityConditions\":{\"USER_BUDGET\":[\"10000\"],\"USER_BUDGET_I18N\":[\"{\\\"currencyCode\\\":\\\"KRW\\\",\\\"units\\\":10000,\\\"nanos\\\":0}\"]},\"priceEx\":null,\"manageCode\":\"COUPAY_MONEY_CASHBACK\",\"expiryDate\":4070962799000,\"membershipType\":null,\"paymentMethodId\":null,\"paymentMethodDescription\":null,\"cardIdentificationType\":null,\"cardBrand\":null,\"cardCode\":null,\"cardType\":null,\"i18nDiscountAmount\":{\"amount\":\"143\",\"rawAmount\":143,\"fractionDigits\":0,\"currency\":\"KRW\"},\"percentageDiscount\":true,\"i18nPrice\":{\"amount\":\"143\",\"rawAmount\":143,\"fractionDigits\":0,\"currency\":\"KRW\"},\"fixedDiscount\":false},{\"quantity\":1,\"priceType\":\"ANCHOR_PRICE\",\"price\":20690,\"priceWithDeliveryFee\":23190,\"discountType\":null,\"discountRate\":null,\"priceBasedDiscountRate\":null,\"promotionBadgeTexts\":{},\"discountAmount\":0,\"description\":\"쿠팡판매가\",\"unitPrice\":{\"amount\":1,\"extendedPrice\":{\"money\":{\"amount\":83,\"currency\":\"KRW\"},\"offset\":0},\"priceEx\":{\"amount\":83,\"currency\":\"KRW\"},\"unit\":\"정\"},\"unitPriceWithDeliveryFee\":{\"amount\":1,\"extendedPrice\":{\"money\":{\"amount\":93,\"currency\":\"KRW\"},\"offset\":0},\"priceEx\":null,\"unit\":\"정\"},\"eligibilityConditions\":{},\"priceEx\":null,\"manageCode\":null,\"expiryDate\":null,\"membershipType\":null,\"paymentMethodId\":null,\"paymentMethodDescription\":null,\"cardIdentificationType\":null,\"cardBrand\":null,\"cardCode\":null,\"cardType\":null,\"i18nDiscountAmount\":{\"amount\":\"0\",\"rawAmount\":0,\"fractionDigits\":0,\"currency\":\"KRW\"},\"percentageDiscount\":false,\"i18nPrice\":{\"amount\":\"20690\",\"rawAmount\":20690,\"fractionDigits\":0,\"currency\":\"KRW\"},\"fixedDiscount\":false},{\"quantity\":1,\"priceType\":\"SALES\",\"price\":20690,\"priceWithDeliveryFee\":23190,\"discountType\":null,\"discountRate\":null,\"priceBasedDiscountRate\":null,\"promotionBadgeTexts\":{},\"discountAmount\":0,\"description\":\"쿠팡판매가\",\"unitPrice\":{\"amount\":1,\"extendedPrice\":{\"money\":{\"amount\":83,\"currency\":\"KRW\"},\"offset\":0},\"priceEx\":{\"amount\":83,\"currency\":\"KRW\"},\"unit\":\"정\"},\"unitPriceWithDeliveryFee\":{\"amount\":1,\"extendedPrice\":{\"money\":{\"amount\":93,\"currency\":\"KRW\"},\"offset\":0},\"priceEx\":null,\"unit\":\"정\"},\"eligibilityConditions\":{},\"priceEx\":null,\"manageCode\":null,\"expiryDate\":null,\"membershipType\":null,\"paymentMethodId\":null,\"paymentMethodDescription\":null,\"cardIdentificationType\":null,\"cardBrand\":null,\"cardCode\":null,\"cardType\":null,\"i18nDiscountAmount\":{\"amount\":\"0\",\"rawAmount\":0,\"fractionDigits\":0,\"currency\":\"KRW\"},\"percentageDiscount\":false,\"i18nPrice\":{\"amount\":\"20690\",\"rawAmount\":20690,\"fractionDigits\":0,\"currency\":\"KRW\"},\"fixedDiscount\":false}],\"priceByMemberStatus\":{\"NOT_MEMBER\":[{\"quantity\":1,\"priceType\":\"INSTANT_DISCOUNT\",\"price\":14270,\"priceWithDeliveryFee\":16770,\"discountType\":\"PERCENTAGE\",\"discountRate\":31,\"priceBasedDiscountRate\":31,\"promotionBadgeTexts\":{},\"discountAmount\":6420,\"description\":\"할인\",\"unitPrice\":{\"amount\":1,\"extendedPrice\":{\"money\":{\"amount\":57,\"currency\":\"KRW\"},\"offset\":0},\"priceEx\":{\"amount\":57,\"currency\":\"KRW\"},\"unit\":\"정\"},\"unitPriceWithDeliveryFee\":{\"amount\":1,\"extendedPrice\":{\"money\":{\"amount\":67,\"currency\":\"KRW\"},\"offset\":0},\"priceEx\":null,\"unit\":\"정\"},\"eligibilityConditions\":{\"ROCKET_CLUB_STATUS\":[]},\"priceEx\":null,\"manageCode\":\"US-COST-GCD-discount_SD_cap_Zion_20251120_CF_10_off_VF_1-21_off_CP_0_off\",\"expiryDate\":1763676000000,\"membershipType\":null,\"paymentMethodId\":null,\"paymentMethodDescription\":null,\"cardIdentificationType\":null,\"cardBrand\":null,\"cardCode\":null,\"cardType\":null,\"i18nDiscountAmount\":{\"amount\":\"6420\",\"rawAmount\":6420,\"fractionDigits\":0,\"currency\":\"KRW\"},\"percentageDiscount\":true,\"i18nPrice\":{\"amount\":\"14270\",\"rawAmount\":14270,\"fractionDigits\":0,\"currency\":\"KRW\"},\"fixedDiscount\":false},{\"quantity\":1,\"priceType\":\"FINAL_PRICE\",\"price\":14270,\"priceWithDeliveryFee\":16770,\"discountType\":null,\"discountRate\":31,\"priceBasedDiscountRate\":31,\"promotionBadgeTexts\":{},\"discountAmount\":0,\"description\":\"할인\",\"unitPrice\":{\"amount\":1,\"extendedPrice\":{\"money\":{\"amount\":57,\"currency\":\"KRW\"},\"offset\":0},\"priceEx\":{\"amount\":57,\"currency\":\"KRW\"},\"unit\":\"정\"},\"unitPriceWithDeliveryFee\":{\"amount\":1,\"extendedPrice\":{\"money\":{\"amount\":67,\"currency\":\"KRW\"},\"offset\":0},\"priceEx\":null,\"unit\":\"정\"},\"eligibilityConditions\":{},\"priceEx\":null,\"manageCode\":null,\"expiryDate\":null,\"membershipType\":null,\"paymentMethodId\":null,\"paymentMethodDescription\":null,\"cardIdentificationType\":null,\"cardBrand\":null,\"cardCode\":null,\"cardType\":null,\"i18nDiscountAmount\":{\"amount\":\"0\",\"rawAmount\":0,\"fractionDigits\":0,\"currency\":\"KRW\"},\"percentageDiscount\":false,\"i18nPrice\":{\"amount\":\"14270\",\"rawAmount\":14270,\"fractionDigits\":0,\"currency\":\"KRW\"},\"fixedDiscount\":false},{\"quantity\":1,\"priceType\":\"DELIVERY_BUNDLE_REWARD_CASH\",\"price\":143,\"priceWithDeliveryFee\":0,\"discountType\":\"PERCENTAGE\",\"discountRate\":1,\"priceBasedDiscountRate\":null,\"promotionBadgeTexts\":{},\"discountAmount\":143,\"description\":\"쿠페이 머니 결제 시 1% 적립\",\"unitPrice\":null,\"unitPriceWithDeliveryFee\":null,\"eligibilityConditions\":{\"USER_BUDGET\":[\"10000\"],\"USER_BUDGET_I18N\":[\"{\\\"currencyCode\\\":\\\"KRW\\\",\\\"units\\\":10000,\\\"nanos\\\":0}\"]},\"priceEx\":null,\"manageCode\":\"COUPAY_MONEY_CASHBACK\",\"expiryDate\":4070962799000,\"membershipType\":null,\"paymentMethodId\":null,\"paymentMethodDescription\":null,\"cardIdentificationType\":null,\"cardBrand\":null,\"cardCode\":null,\"cardType\":null,\"i18nDiscountAmount\":{\"amount\":\"143\",\"rawAmount\":143,\"fractionDigits\":0,\"currency\":\"KRW\"},\"percentageDiscount\":true,\"i18nPrice\":{\"amount\":\"143\",\"rawAmount\":143,\"fractionDigits\":0,\"currency\":\"KRW\"},\"fixedDiscount\":false},{\"quantity\":1,\"priceType\":\"ANCHOR_PRICE\",\"price\":20690,\"priceWithDeliveryFee\":23190,\"discountType\":null,\"discountRate\":null,\"priceBasedDiscountRate\":null,\"promotionBadgeTexts\":{},\"discountAmount\":0,\"description\":\"쿠팡판매가\",\"unitPrice\":{\"amount\":1,\"extendedPrice\":{\"money\":{\"amount\":83,\"currency\":\"KRW\"},\"offset\":0},\"priceEx\":{\"amount\":83,\"currency\":\"KRW\"},\"unit\":\"정\"},\"unitPriceWithDeliveryFee\":{\"amount\":1,\"extendedPrice\":{\"money\":{\"amount\":93,\"currency\":\"KRW\"},\"offset\":0},\"priceEx\":null,\"unit\":\"정\"},\"eligibilityConditions\":{},\"priceEx\":null,\"manageCode\":null,\"expiryDate\":null,\"membershipType\":null,\"paymentMethodId\":null,\"paymentMethodDescription\":null,\"cardIdentificationType\":null,\"cardBrand\":null,\"cardCode\":null,\"cardType\":null,\"i18nDiscountAmount\":{\"amount\":\"0\",\"rawAmount\":0,\"fractionDigits\":0,\"currency\":\"KRW\"},\"percentageDiscount\":false,\"i18nPrice\":{\"amount\":\"20690\",\"rawAmount\":20690,\"fractionDigits\":0,\"currency\":\"KRW\"},\"fixedDiscount\":false},{\"quantity\":1,\"priceType\":\"SALES\",\"price\":20690,\"priceWithDeliveryFee\":23190,\"discountType\":null,\"discountRate\":null,\"priceBasedDiscountRate\":null,\"promotionBadgeTexts\":{},\"discountAmount\":0,\"description\":\"쿠팡판매가\",\"unitPrice\":{\"amount\":1,\"extendedPrice\":{\"money\":{\"amount\":83,\"currency\":\"KRW\"},\"offset\":0},\"priceEx\":{\"amount\":83,\"currency\":\"KRW\"},\"unit\":\"정\"},\"unitPriceWithDeliveryFee\":{\"amount\":1,\"extendedPrice\":{\"money\":{\"amount\":93,\"currency\":\"KRW\"},\"offset\":0},\"priceEx\":null,\"unit\":\"정\"},\"eligibilityConditions\":{},\"priceEx\":null,\"manageCode\":null,\"expiryDate\":null,\"membershipType\":null,\"paymentMethodId\":null,\"paymentMethodDescription\":null,\"cardIdentificationType\":null,\"cardBrand\":null,\"cardCode\":null,\"cardType\":null,\"i18nDiscountAmount\":{\"amount\":\"0\",\"rawAmount\":0,\"fractionDigits\":0,\"currency\":\"KRW\"},\"percentageDiscount\":false,\"i18nPrice\":{\"amount\":\"20690\",\"rawAmount\":20690,\"fractionDigits\":0,\"currency\":\"KRW\"},\"fixedDiscount\":false}],\"MEMBER\":[{\"quantity\":1,\"priceType\":\"INSTANT_DISCOUNT\",\"price\":14270,\"priceWithDeliveryFee\":14270,\"discountType\":\"PERCENTAGE\",\"discountRate\":31,\"priceBasedDiscountRate\":31,\"promotionBadgeTexts\":{},\"discountAmount\":6420,\"description\":\"할인\",\"unitPrice\":{\"amount\":1,\"extendedPrice\":{\"money\":{\"amount\":57,\"currency\":\"KRW\"},\"offset\":0},\"priceEx\":{\"amount\":57,\"currency\":\"KRW\"},\"unit\":\"정\"},\"unitPriceWithDeliveryFee\":{\"amount\":1,\"extendedPrice\":{\"money\":{\"amount\":57,\"currency\":\"KRW\"},\"offset\":0},\"priceEx\":null,\"unit\":\"정\"},\"eligibilityConditions\":{\"ROCKET_CLUB_STATUS\":[]},\"priceEx\":null,\"manageCode\":\"US-COST-GCD-discount_SD_cap_Zion_20251120_CF_10_off_VF_1-21_off_CP_0_off\",\"expiryDate\":1763676000000,\"membershipType\":null,\"paymentMethodId\":null,\"paymentMethodDescription\":null,\"cardIdentificationType\":null,\"cardBrand\":null,\"cardCode\":null,\"cardType\":null,\"i18nDiscountAmount\":{\"amount\":\"6420\",\"rawAmount\":6420,\"fractionDigits\":0,\"currency\":\"KRW\"},\"percentageDiscount\":true,\"i18nPrice\":{\"amount\":\"14270\",\"rawAmount\":14270,\"fractionDigits\":0,\"currency\":\"KRW\"},\"fixedDiscount\":false},{\"quantity\":1,\"priceType\":\"FINAL_PRICE\",\"price\":14270,\"priceWithDeliveryFee\":14270,\"discountType\":null,\"discountRate\":31,\"priceBasedDiscountRate\":31,\"promotionBadgeTexts\":{},\"discountAmount\":0,\"description\":\"할인\",\"unitPrice\":{\"amount\":1,\"extendedPrice\":{\"money\":{\"amount\":57,\"currency\":\"KRW\"},\"offset\":0},\"priceEx\":{\"amount\":57,\"currency\":\"KRW\"},\"unit\":\"정\"},\"unitPriceWithDeliveryFee\":{\"amount\":1,\"extendedPrice\":{\"money\":{\"amount\":57,\"currency\":\"KRW\"},\"offset\":0},\"priceEx\":null,\"unit\":\"정\"},\"eligibilityConditions\":{},\"priceEx\":null,\"manageCode\":null,\"expiryDate\":null,\"membershipType\":null,\"paymentMethodId\":null,\"paymentMethodDescription\":null,\"cardIdentificationType\":null,\"cardBrand\":null,\"cardCode\":null,\"cardType\":null,\"i18nDiscountAmount\":{\"amount\":\"0\",\"rawAmount\":0,\"fractionDigits\":0,\"currency\":\"KRW\"},\"percentageDiscount\":false,\"i18nPrice\":{\"amount\":\"14270\",\"rawAmount\":14270,\"fractionDigits\":0,\"currency\":\"KRW\"},\"fixedDiscount\":false},{\"quantity\":1,\"priceType\":\"DELIVERY_BUNDLE_REWARD_CASH\",\"price\":143,\"priceWithDeliveryFee\":0,\"discountType\":\"PERCENTAGE\",\"discountRate\":1,\"priceBasedDiscountRate\":null,\"promotionBadgeTexts\":{},\"discountAmount\":143,\"description\":\"쿠페이 머니 결제 시 1% 적립\",\"unitPrice\":null,\"unitPriceWithDeliveryFee\":null,\"eligibilityConditions\":{\"USER_BUDGET\":[\"10000\"],\"USER_BUDGET_I18N\":[\"{\\\"currencyCode\\\":\\\"KRW\\\",\\\"units\\\":10000,\\\"nanos\\\":0}\"]},\"priceEx\":null,\"manageCode\":\"COUPAY_MONEY_CASHBACK\",\"expiryDate\":4070962799000,\"membershipType\":null,\"paymentMethodId\":null,\"paymentMethodDescription\":null,\"cardIdentificationType\":null,\"cardBrand\":null,\"cardCode\":null,\"cardType\":null,\"i18nDiscountAmount\":{\"amount\":\"143\",\"rawAmount\":143,\"fractionDigits\":0,\"currency\":\"KRW\"},\"percentageDiscount\":true,\"i18nPrice\":{\"amount\":\"143\",\"rawAmount\":143,\"fractionDigits\":0,\"currency\":\"KRW\"},\"fixedDiscount\":false},{\"quantity\":1,\"priceType\":\"ROCKET_WOW_COUPAY_MONEY_REWARD_CASH\",\"price\":571,\"priceWithDeliveryFee\":0,\"discountType\":\"PERCENTAGE\",\"discountRate\":4,\"priceBasedDiscountRate\":null,\"promotionBadgeTexts\":{},\"discountAmount\":571,\"description\":\"[로켓와우 + 쿠페이 머니] 결제 시 4% 추가적립\",\"unitPrice\":null,\"unitPriceWithDeliveryFee\":null,\"eligibilityConditions\":{\"USER_BUDGET\":[\"40000\"],\"ELIGIBILITY_DAYS\":[\"30\"],\"USER_BUDGET_I18N\":[\"{\\\"currencyCode\\\":\\\"KRW\\\",\\\"units\\\":40000,\\\"nanos\\\":0}\"]},\"priceEx\":null,\"manageCode\":\"ROCKETWOW_COUPAY_MONEY_CASHBACK_JUN2019\",\"expiryDate\":1930003200000,\"membershipType\":null,\"paymentMethodId\":null,\"paymentMethodDescription\":null,\"cardIdentificationType\":null,\"cardBrand\":null,\"cardCode\":null,\"cardType\":null,\"i18nDiscountAmount\":{\"amount\":\"571\",\"rawAmount\":571,\"fractionDigits\":0,\"currency\":\"KRW\"},\"percentageDiscount\":true,\"i18nPrice\":{\"amount\":\"571\",\"rawAmount\":571,\"fractionDigits\":0,\"currency\":\"KRW\"},\"fixedDiscount\":false},{\"quantity\":1,\"priceType\":\"ROCKET_WOW_COUPAY_BANK_REWARD_CASH\",\"price\":285,\"priceWithDeliveryFee\":0,\"discountType\":\"PERCENTAGE\",\"discountRate\":2,\"priceBasedDiscountRate\":null,\"promotionBadgeTexts\":{},\"discountAmount\":285,\"description\":\"[로켓와우 + 쿠페이 계좌이체] 결제 시 2% 적립\",\"unitPrice\":null,\"unitPriceWithDeliveryFee\":null,\"eligibilityConditions\":{\"USER_BUDGET\":[\"20000\"],\"ELIGIBILITY_DAYS\":[\"30\"],\"USER_BUDGET_I18N\":[\"{\\\"currencyCode\\\":\\\"KRW\\\",\\\"units\\\":20000,\\\"nanos\\\":0}\"]},\"priceEx\":null,\"manageCode\":\"ROCKETWOW_COUPAY_BANK_CASHBACK_JUN2019\",\"expiryDate\":1930003200000,\"membershipType\":null,\"paymentMethodId\":null,\"paymentMethodDescription\":null,\"cardIdentificationType\":null,\"cardBrand\":null,\"cardCode\":null,\"cardType\":null,\"i18nDiscountAmount\":{\"amount\":\"285\",\"rawAmount\":285,\"fractionDigits\":0,\"currency\":\"KRW\"},\"percentageDiscount\":true,\"i18nPrice\":{\"amount\":\"285\",\"rawAmount\":285,\"fractionDigits\":0,\"currency\":\"KRW\"},\"fixedDiscount\":false},{\"quantity\":1,\"priceType\":\"ANCHOR_PRICE\",\"price\":20690,\"priceWithDeliveryFee\":20690,\"discountType\":null,\"discountRate\":null,\"priceBasedDiscountRate\":null,\"promotionBadgeTexts\":{},\"discountAmount\":0,\"description\":\"쿠팡판매가\",\"unitPrice\":{\"amount\":1,\"extendedPrice\":{\"money\":{\"amount\":83,\"currency\":\"KRW\"},\"offset\":0},\"priceEx\":{\"amount\":83,\"currency\":\"KRW\"},\"unit\":\"정\"},\"unitPriceWithDeliveryFee\":{\"amount\":1,\"extendedPrice\":{\"money\":{\"amount\":83,\"currency\":\"KRW\"},\"offset\":0},\"priceEx\":null,\"unit\":\"정\"},\"eligibilityConditions\":{},\"priceEx\":null,\"manageCode\":null,\"expiryDate\":null,\"membershipType\":null,\"paymentMethodId\":null,\"paymentMethodDescription\":null,\"cardIdentificationType\":null,\"cardBrand\":null,\"cardCode\":null,\"cardType\":null,\"i18nDiscountAmount\":{\"amount\":\"0\",\"rawAmount\":0,\"fractionDigits\":0,\"currency\":\"KRW\"},\"percentageDiscount\":false,\"i18nPrice\":{\"amount\":\"20690\",\"rawAmount\":20690,\"fractionDigits\":0,\"currency\":\"KRW\"},\"fixedDiscount\":false},{\"quantity\":1,\"priceType\":\"SALES\",\"price\":20690,\"priceWithDeliveryFee\":20690,\"discountType\":null,\"discountRate\":null,\"priceBasedDiscountRate\":null,\"promotionBadgeTexts\":{},\"discountAmount\":0,\"description\":\"쿠팡판매가\",\"unitPrice\":{\"amount\":1,\"extendedPrice\":{\"money\":{\"amount\":83,\"currency\":\"KRW\"},\"offset\":0},\"priceEx\":{\"amount\":83,\"currency\":\"KRW\"},\"unit\":\"정\"},\"unitPriceWithDeliveryFee\":{\"amount\":1,\"extendedPrice\":{\"money\":{\"amount\":83,\"currency\":\"KRW\"},\"offset\":0},\"priceEx\":null,\"unit\":\"정\"},\"eligibilityConditions\":{},\"priceEx\":null,\"manageCode\":null,\"expiryDate\":null,\"membershipType\":null,\"paymentMethodId\":null,\"paymentMethodDescription\":null,\"cardIdentificationType\":null,\"cardBrand\":null,\"cardCode\":null,\"cardType\":null,\"i18nDiscountAmount\":{\"amount\":\"0\",\"rawAmount\":0,\"fractionDigits\":0,\"currency\":\"KRW\"},\"percentageDiscount\":false,\"i18nPrice\":{\"amount\":\"20690\",\"rawAmount\":20690,\"fractionDigits\":0,\"currency\":\"KRW\"},\"fixedDiscount\":false}]},\"paymentMethodPricesByMemberStatus\":{},\"paymentMethodPrices\":[],\"showWowPrice\":false,\"properties\":{\"AUTO_CANCELED\":\"APPROVAL_CANCEL\",\"OVERSEAS_PURCHASED\":\"true\",\"IMPORT_AGENCY_NAME\":\"FV USA,LLC\",\"SEPARATE_REFUND_POLICY\":\"false\",\"PERSONAL_INFORMATION_USE_AGREE\":\"true\",\"TAX_TYPE\":\"TAX\",\"BEST_PRICE_GUARANTEED_3P\":\"false\",\"IS_PCC_NEEDED\":\"true\",\"SEVEN_REFUND_AGREE\":\"false\",\"CANCEL_BUTTON_SHOWED\":\"false\",\"NOT_FOR_INDIVIDUAL_SALE\":\"false\",\"REGISTERED_FROM\":\"SELLER\",\"PARALLEL_IMPORTED\":\"false\",\"STOCK_SHOWED\":\"true\",\"PRE_ORDER\":\"false\",\"EXTRA_INFO_LABEL_EX\":\"{\\\"ko_KR\\\":\\\"\\\"}\",\"EXPIRED_DATE\":\"2027-07-01\",\"PRINT_BUTTON_SHOWED\":\"true\",\"IS_IMPORT_AGENCY\":\"true\",\"ORIGIN_VENDOR_ITEM_VALID\":\"true\",\"OFFER_CONDITION\":\"NEW\",\"ORIGINAL_PRICE_FOR_RETAIL\":\"0\",\"ORIGINAL_PRICE_FOR_RETAIL_I18N\":\"{\\\"currencyCode\\\":\\\"KRW\\\",\\\"units\\\":0,\\\"nanos\\\":0}\",\"SALE_PERIOD_TYPE\":\"REGULAR\",\"FRONT_CANCELABLE\":\"false\",\"EXTRA_INFO_LABEL\":\"\",\"THIRD_PARTY_AGREE\":\"false\",\"IMPORT_AGENCY_NAME_EX\":\"{\\\"ko_KR\\\":\\\"FV USA,LLC\\\"}\",\"REMOTE_AREA_DELIVERABLE\":\"true\",\"PURCHASED_BEFORE\":\"false\",\"COLD_START\":\"false\",\"RANK_BEFORE_COLD_START_BOOST\":\"0\",\"OFFER_CONDITION_V2\":\"NEW\"},\"itemAttributes\":{\"7347\":{\"expose\":false,\"id\":7347,\"name\":\"건강식품 사용대상\",\"value\":\"성인남녀공용\",\"valueWithUnit\":\"성인남녀공용\",\"weight\":5,\"unitDescription\":\"없음\"},\"7652\":{\"expose\":true,\"id\":7652,\"name\":\"수량\",\"value\":\"1\",\"valueWithUnit\":\"1개\",\"weight\":2,\"unitDescription\":\"개\"},\"7663\":{\"expose\":false,\"id\":7663,\"name\":\"총 수량\",\"value\":\"1\",\"valueWithUnit\":\"1개\",\"weight\":17,\"unitDescription\":\"개\"},\"7923\":{\"expose\":false,\"id\":7923,\"name\":\"구성품\",\"value\":\"휴대용 약통 이벤트\",\"valueWithUnit\":\"휴대용 약통 이벤트\",\"weight\":16,\"unitDescription\":\"없음\"},\"10573\":{\"expose\":false,\"id\":10573,\"name\":\"건강식품 타입\",\"value\":\"캡슐\",\"valueWithUnit\":\"캡슐\",\"weight\":3,\"unitDescription\":\"없음\"},\"11024\":{\"expose\":false,\"id\":11024,\"name\":\"기능별 영양제\",\"value\":\"해당없음\",\"valueWithUnit\":\"해당없음\",\"weight\":4,\"unitDescription\":\"없음\"},\"11411\":{\"expose\":false,\"id\":11411,\"name\":\"보관방식\",\"value\":\"냉장보관\",\"valueWithUnit\":\"냉장보관\",\"weight\":12,\"unitDescription\":\"없음\"},\"12293\":{\"expose\":false,\"id\":12293,\"name\":\"총 캡슐/정 수량\",\"value\":\"250\",\"valueWithUnit\":\"250정\",\"weight\":6,\"unitDescription\":\"정\"},\"12746\":{\"expose\":false,\"id\":12746,\"name\":\"유산균 종류\",\"value\":\"프로바이오틱스\",\"valueWithUnit\":\"프로바이오틱스\",\"weight\":7,\"unitDescription\":\"없음\"},\"12747\":{\"expose\":false,\"id\":12747,\"name\":\"유산균 특징\",\"value\":\"구강유산균\",\"valueWithUnit\":\"구강유산균\",\"weight\":8,\"unitDescription\":\"없음\"},\"12915\":{\"expose\":false,\"id\":12915,\"name\":\"건강식품 성분\",\"value\":\"단일영양제\",\"valueWithUnit\":\"단일영양제\",\"weight\":14,\"unitDescription\":\"없음\"},\"12916\":{\"expose\":false,\"id\":12916,\"name\":\"유산균 보장균수\",\"value\":\"11~50억\",\"valueWithUnit\":\"11~50억\",\"weight\":13,\"unitDescription\":\"없음\"},\"14264\":{\"expose\":true,\"id\":14264,\"name\":\"개당 캡슐/정\",\"value\":\"250\",\"valueWithUnit\":\"250정\",\"weight\":1,\"unitDescription\":\"정\"}},\"adhocProperties\":{},\"divisionType\":\"GOODS\",\"offerAttribute\":null,\"badgeReorder\":false,\"soldOutReason\":null,\"purchasedCount\":null,\"lastPurchasedDateUTC\":null,\"warrantyService\":{\"warrantyMonth\":0,\"available\":false},\"brandInfoList\":[{\"shopAvailable\":true,\"properties\":null,\"name\":\"스완슨\",\"logoImagePath\":\"brandLogo/brandLogo_5fdd099b-ed23-4398-a4da-84f8631af119.jpg\",\"id\":29173,\"description\":\"스완슨\",\"luxuryBrand\":false,\"farfetchBrand\":false,\"brandTier\":null,\"officialBrandName\":\"스완슨\",\"tier1\":false,\"tier2\":false,\"tier3\":false,\"bothFashionBeauty\":false,\"brandShopLink\":null,\"farfetchBrandShopLink\":null,\"brandKeywordBannerRluxMainImage\":null,\"brandKeywordBannerFarfetchMainImage\":null,\"brandWhiteLogo\":null}],\"freebie\":null,\"wowMember\":false,\"memberDto\":{\"loyaltyMemberId\":null,\"loyaltyMemberStatus\":\"UNKNOWN\",\"rocketWowEligible\":true,\"profilingSegments\":[],\"acquirerCode\":null,\"creditCardHistoryIn90Day\":null,\"agreeCollect\":false,\"studentStatus\":null,\"membershipBenefits\":[{\"type\":\"CARD_ISSUANCE.WOW\",\"attribute\":null,\"granted\":true},{\"type\":\"CASHBACK.BASIC\",\"attribute\":null,\"granted\":false},{\"type\":\"EATS\",\"attribute\":null,\"granted\":false},{\"type\":\"FAST_DELIVERY.DAWN\",\"attribute\":null,\"granted\":false},{\"type\":\"FAST_DELIVERY.PDD\",\"attribute\":null,\"granted\":false},{\"type\":\"FAST_DELIVERY.SAME_DAY\",\"attribute\":null,\"granted\":false},{\"type\":\"FREE_RETURN.FARFETCH\",\"attribute\":null,\"granted\":false},{\"type\":\"FREE_RETURN.JIKGU\",\"attribute\":null,\"granted\":false},{\"type\":\"FREE_RETURN.OTHERS\",\"attribute\":null,\"granted\":false},{\"type\":\"FREE_RETURN.ROCKET\",\"attribute\":null,\"granted\":false},{\"type\":\"FREE_SHIPPING.FARFETCH\",\"attribute\":null,\"granted\":true},{\"type\":\"FREE_SHIPPING.JIKGU\",\"attribute\":null,\"granted\":false},{\"type\":\"FREE_SHIPPING.OTHERS\",\"attribute\":null,\"granted\":false},{\"type\":\"FREE_SHIPPING.ROCKET\",\"attribute\":null,\"granted\":false},{\"type\":\"MEMBERSHIP_ENABLEMENT.WOW\",\"attribute\":null,\"granted\":false},{\"type\":\"MEMBERSHIP_PERIOD.WOW\",\"attribute\":null,\"granted\":true},{\"type\":\"MEMBERSHIP_PRICE.WOW\",\"attribute\":null,\"granted\":true},{\"type\":\"PLAY\",\"attribute\":null,\"granted\":false},{\"type\":\"PURCHASE.FRESH\",\"attribute\":null,\"granted\":false},{\"type\":\"SIGNUP_PROMOTION.PPC_PROMOTION\",\"attribute\":null,\"granted\":true},{\"type\":\"SIGNUP_PROMOTION.PPD_PROMOTION\",\"attribute\":null,\"granted\":true},{\"type\":\"SIGNUP_PROMOTION.WELCOME_PROMOTION\",\"attribute\":null,\"granted\":true},{\"type\":\"WOW_PRICE.BASIC\",\"attribute\":null,\"granted\":false},{\"type\":\"WOW_PRICE.BEST_PRICE\",\"attribute\":null,\"granted\":false},{\"type\":\"WOW_PRICE.EXCLUSIVE_PRICE\",\"attribute\":null,\"granted\":false},{\"type\":\"WOW_PRICE.TIME_DISCOUNT\",\"attribute\":null,\"granted\":false},{\"type\":\"WOW_PRICE.TRAVEL_DISCOUNT\",\"attribute\":null,\"granted\":false},{\"type\":\"WOW_PRICE.WOW_CCID\",\"attribute\":null,\"granted\":false},{\"type\":\"WOW_PRICE.WOW_DISCOUNT\",\"attribute\":null,\"granted\":false},{\"type\":\"WOW_PRICE.WOW_ONLY_COUPON\",\"attribute\":null,\"granted\":false}],\"memberPaymentDto\":{\"activeOptionAcquirerCode\":null,\"activeOptionExist\":false,\"activeOptionCardType\":null,\"activeOptionPayType\":null,\"activeOptionCardBrandCode\":null,\"activeOptionCardIdentificationType\":null,\"activeOptionPartnerBrand\":null},\"rocketWowMember\":false,\"nonPseudoRocketWowMember\":false,\"pseudoMember\":false},\"categoryId\":8541,\"remoteShippingFeeChargeable\":false,\"adult\":false,\"rocketDelivery\":false,\"freeDelivery\":false,\"directUse\":false,\"freeOver9800Delivery\":false,\"i18nCouponPrice\":{\"amount\":\"14270\",\"rawAmount\":14270,\"fractionDigits\":0,\"currency\":\"KRW\"},\"subscriptionDelivery\":false,\"subscriptionPromotion\":false,\"globalDelivery\":true,\"i18nOriginalPrice\":{\"amount\":\"0\",\"rawAmount\":0,\"fractionDigits\":0,\"currency\":\"KRW\"},\"i18nSubscriptionPrice\":null,\"couPick\":false,\"i18nSalesPrice\":{\"amount\":\"20690\",\"rawAmount\":20690,\"fractionDigits\":0,\"currency\":\"KRW\"},\"i18nMinPrice\":null,\"i18nSubscribeCouponPrice\":null},\"legacyProductId\":3239506,\"bestArea\":{\"sequence\":-1,\"show\":false},\"imageAndTitleArea\":{\"description\":\"\",\"title\":\"스완슨 락토바실러스 액시도필러스 1 빌리언 CFU 캡슐, 250정, 1개\",\"travelUrl\":\"\",\"defaultUrl\":\"//thumbnail.coupangcdn.com/thumbnails/remote/230x230ex/image/vendor_inventory/668c/ec81b815c87f5e6b64106349bc6d5c4d815153cde0329847150f93a6f16e.jpg\",\"oriDefaultUrl\":\"vendor_inventory/668c/ec81b815c87f5e6b64106349bc6d5c4d815153cde0329847150f93a6f16e.jpg\",\"oriTravelUrl\":\"\",\"oriLocalUrl\":\"\",\"localUrl\":\"\",\"thumbnailUrl\":null,\"isWideImage\":false,\"wideImageUrl\":\"\"},\"priceArea\":{\"originalPrice\":\"20,690\",\"salesPrice\":\"14,270\",\"lowestPrice\":null,\"instantDiscountPrice\":\"14,270\",\"criteriaPriceInfo\":\"\",\"basePrice\":\"20,690\",\"price\":\"14,270\",\"discountRate\":31,\"instantDiscountDescription\":\"할인\",\"shippingFeeDescription\":null,\"showInstantDiscountDescription\":true,\"discountCountDownText\":null,\"discountExpireTime\":null,\"badDiscount\":false,\"i18nOriginalPrice\":{\"amount\":\"20690\",\"rawAmount\":null,\"fractionDigits\":0,\"currency\":\"KRW\"},\"i18nLowestPrice\":null,\"i18nSalesPrice\":{\"amount\":\"14270\",\"rawAmount\":null,\"fractionDigits\":0,\"currency\":\"KRW\"},\"i18nPrice\":{\"amount\":\"14270\",\"rawAmount\":null,\"fractionDigits\":0,\"currency\":\"KRW\"},\"discount\":true,\"instantDiscount\":true,\"i18nBasePrice\":{\"amount\":\"20690\",\"rawAmount\":null,\"fractionDigits\":0,\"currency\":\"KRW\"},\"i18nInstantDiscountPrice\":{\"amount\":\"14270\",\"rawAmount\":null,\"fractionDigits\":0,\"currency\":\"KRW\"}},\"subscriptionPriceArea\":null,\"snsDiscountRate\":-1,\"wowOnlyInstantDiscountRate\":-1,\"bundlePriceArea\":{\"price\":\"57\",\"cnt\":\"1\",\"unitDescription\":\"정\",\"i18nPrice\":{\"amount\":\"57\",\"rawAmount\":null,\"fractionDigits\":0,\"currency\":\"KRW\"}},\"instantDiscountBundlePriceArea\":{\"price\":\"57\",\"cnt\":\"1\",\"unitDescription\":\"정\",\"i18nPrice\":{\"amount\":\"57\",\"rawAmount\":null,\"fractionDigits\":0,\"currency\":\"KRW\"}},\"buyCntArea\":{\"buyCntInBest50\":\"\",\"buyCnt\":\"\",\"showOriginalCnt\":false,\"premium\":false,\"showCnt\":false},\"soldoutArea\":{\"soldOutText\":\"품절\",\"soldout\":false},\"priceTagArea\":{\"css\":\"prod-type discounted-price\",\"title\":\"할인\",\"discountRate\":\"\"},\"labelArea\":{\"labelAreaContents\":[],\"todayClose\":false},\"badgeArea\":{\"badgeAreaContents\":[]},\"useDateArea\":null,\"uniqueMessageArea\":{\"uniqueMessage\":{\"description\":\"\",\"messages\":[{\"text\":\"\",\"emphasis\":false}]}},\"gaDataArea\":{\"category\":\"\",\"action\":\"\",\"label\":\"\",\"value\":0},\"rocketArea\":{\"badgeImage\":{\"iconUrl\":\"\",\"iconWidth\":0,\"iconHeight\":0},\"show\":false},\"globalArea\":{\"badgeImage\":{\"iconUrl\":\"https://image.coupangcdn.com/image/delivery_badge/default/pc/global_b/global_b.png\",\"iconWidth\":112,\"iconHeight\":28},\"countryName\":null,\"show\":true},\"productArea\":{\"product\":true},\"cashBackArea\":{\"iconUrl\":\"https://image.coupangcdn.com/image/badges/cashback/web/list-cash-icon@2x.png\",\"cashRewardText\":\"최대 714원 적립\"},\"bestAward\":null,\"ccidEligible\":false,\"ccidArea\":null,\"stampImageInfo\":null,\"cornerTagArea\":null,\"link\":\"/vp/products/3239506?itemId=14967051\u0026vendorItemId=3273090305\u0026sourceType=SDW_TOP_SELLING_WIDGET_V2\u0026searchId=1a76afe61280463\u0026q=유산균\",\"sequence\":4,\"reviewArea\":{\"ratingAverage\":4.5,\"ratingCount\":1293,\"ratingRatio\":90},\"deadLineArea\":{\"almostSoldOut\":false,\"deadLineApproach\":false},\"bestPriceArea\":null,\"topBrandArea\":null,\"bizOnlyArea\":null,\"couPickArea\":null,\"attributeCount\":0,\"attributeName\":\"\",\"packageType\":null,\"productCount\":null,\"vendorItemId\":3273090305,\"benefitBadgeArea\":{\"badgeAreaContents\":[]},\"deliveryBadgeArea\":{\"badgeAreaContents\":[]},\"deliverySpeedBadgeArea\":null,\"subscriptionBundlePriceArea\":null,\"bestSellerBadgeArea\":null,\"rocketFreeShippingBadge\":null,\"promisedDeliveryDateArea\":{\"contents\":[{\"text\":\"11/23(일) \",\"size\":14,\"color\":\"#212B36\",\"bold\":false},{\"text\":\"도착 예정\",\"size\":14,\"color\":\"#212B36\",\"bold\":false}],\"deliveryType\":null,\"deliveryBadgeImage\":null,\"notEmpty\":true},\"shippingInfoArea\":null,\"eligibleFalconArea\":null,\"usedProductArea\":{\"usedProductInfo\":null,\"usedProductPrice\":null,\"usedOnlyItem\":false,\"notDisplay\":false},\"adBadgeArea\":{\"sponsored\":false,\"adzerkLog\":null,\"showSeparator\":false},\"preOrder\":null,\"bundleOptionArea\":null,\"lowStockArea\":null,\"ranking\":null,\"couponNudgeText\":null,\"couponNudgeStyle\":null,\"couponTagArea\":null,\"ab56922IsB\":false,\"ab56923IsB\":false,\"ab92528SrpIsB\":false,\"ab92528PlpIsB\":false,\"badgeReorder\":false,\"luxuryBrandAuthenticityArea\":null,\"luxuryNudgeText\":null,\"fePricingCxType\":null,\"handymanArea\":null,\"lastPurchaseArea\":null,\"rluxBrandNameArea\":{\"show\":false,\"badgeImage\":null,\"brandName\":null,\"rluxAuthText\":null},\"adjustSpacingTarget\":false,\"hideArriveInfo\":false,\"emptyCcidAndCashback\":false,\"isRlux\":false,\"isFarfetch\":false,\"properties\":{\"promiseDeliveryDate\":\"11/23(일) 도착 예정\",\"extendPdd\":false,\"remoteAreaShippingFeeBadge\":\"False\"},\"badges\":null,\"useBadges\":false,\"sponsored\":false,\"collection\":false,\"underGlobalThreshold\":true,\"showPipe\":false,\"showQuickView\":true,\"isCeCategory\":false},{\"index\":{\"legacyProductId\":{\"legacyProductId\":5379795827,\"itemId\":7988177864},\"salesPrice\":29460,\"itemId\":7988177864,\"componentIds\":[],\"subscriptionPrice\":null,\"subscriptionDiscountRate\":null,\"originalSubscriptionDiscountRate\":null,\"subscriptionVendorItemId\":null,\"vendors\":[{\"id\":\"A00010028\",\"countryCode\":\"KR\",\"countryName\":\"대한민국\"}],\"title\":\"드시모네 365 프로바이오틱스 캡슐, 30정, 1개\",\"productTitle\":\"드시모네 365 프로바이오틱스 캡슐, 30정, 1개\",\"alternativeTitle\":\"드시모네 365 프로바이오틱스 캡슐\",\"imageUrl\":\"retail/images/2021/04/15/14/5/8a896801-91fc-49c3-9db8-40680657d7e6.jpg\",\"imageMainUrl\":\"retail/images/2021/04/15/14/5/8a896801-91fc-49c3-9db8-40680657d7e6.jpg\",\"deliveryType\":\"ROCKET\",\"deliveryInfo\":{\"remoteAreaDeliverable\":false,\"remoteArea\":null,\"outboundShippingTime\":24,\"outboundShippingPlaceId\":0,\"logisticType\":\"ROCKET\",\"isLogistics\":true,\"freeShipOverAmountEx\":{\"currency\":\"KRW\",\"amount\":19800},\"finalFreeShipOverAmountEx\":{\"currency\":\"KRW\",\"amount\":19800},\"deliveryType\":\"FAST\",\"deliveryMethod\":\"COLD_FRESH\",\"deliveryCompanyName\":\"쿠친\",\"deliveryCompanyCode\":\"COUPANG\",\"deliveryChargeOnReturnEx\":{\"currency\":\"KRW\",\"amount\":0},\"deliveryChargeEx\":{\"currency\":\"KRW\",\"amount\":2500},\"batchShipment\":true},\"minPrice\":null,\"originalPrice\":48000,\"discountRate\":42,\"linkcodes\":[],\"sellingStatusType\":null,\"attributeCount\":0,\"attributeName\":null,\"productType\":\"PRODUCT\",\"itemImages\":null,\"defaultExposure\":false,\"trackingCodeMain\":null,\"trackingCodeSub\":null,\"reviewRatingAverage\":4.5,\"reviewRatingCount\":1461,\"sectionContent\":null,\"hasUnitPriceInfo\":false,\"unitPriceInfo\":null,\"latLngs\":null,\"categoryBestIds\":null,\"debugInfo\":null,\"packageType\":null,\"bestPrice\":false,\"rocketWow\":true,\"rocketFresh\":false,\"pricePrefix\":\"할인\",\"priceDescription\":null,\"discountedDescription\":\"할인\",\"couponPrice\":27450,\"subscribeCouponPrice\":null,\"unitPrice\":{\"amount\":1,\"extendedPrice\":{\"money\":{\"amount\":915,\"currency\":\"KRW\"},\"offset\":0},\"priceEx\":{\"amount\":915,\"currency\":\"KRW\"},\"unit\":\"정\"},\"subscribeUnitPrice\":null,\"badges\":[{\"attributeByKey\":{},\"id\":\"ROCKET_CASH_REWARD\",\"text\":\"최대 1,173원 적립\",\"type\":\"ROCKET_REWARD\"},{\"attributeByKey\":{},\"id\":\"OVERNIGHT_ONLY\",\"text\":\"로켓프레시\",\"type\":\"SHIPPING_SPEED\"},{\"attributeByKey\":{},\"id\":\"ROCKET\",\"text\":null,\"type\":\"SHIPPINGTYPE\"},{\"attributeByKey\":{},\"id\":\"ROCKET_FRESH\",\"text\":null,\"type\":\"SHIPPINGTYPE\"}],\"brands\":[\"드시모네\"],\"brandIds\":[\"39034\"],\"benefits\":null,\"subscribeBenefits\":null,\"falconDeliveryType\":null,\"falconDeliveryDate\":null,\"promisedDeliveryDate\":[{\"bold\":false,\"color\":\"#008C00\",\"size\":14,\"text\":\"내일(금) 새벽 \"},{\"bold\":false,\"color\":\"#008C00\",\"size\":14,\"text\":\"도착 보장\"}],\"promisedDeliveryDateExpressions\":{\"OVERNIGHT\":{\"cutOffDateUTC\":\"2025-11-20T15:00:00.000Z\",\"expressions\":[{\"bold\":false,\"color\":\"#008C00\",\"size\":14,\"text\":\"내일(금) 새벽 \"},{\"bold\":false,\"color\":\"#008C00\",\"size\":14,\"text\":\"도착 보장\"}],\"pddUTC\":\"2025-11-20T22:00:00.000Z\"}},\"dateInfo\":null,\"hasNewItem\":true,\"sponsored\":false,\"logging\":null,\"usedProductInfo\":null,\"usedProductPrice\":null,\"usedOnlyItem\":false,\"detailPriceInfos\":[{\"quantity\":1,\"priceType\":\"INSTANT_DISCOUNT\",\"price\":27450,\"priceWithDeliveryFee\":27450,\"discountType\":\"FIXED\",\"discountRate\":42,\"priceBasedDiscountRate\":42,\"promotionBadgeTexts\":{},\"discountAmount\":2010,\"description\":\"할인\",\"unitPrice\":{\"amount\":1,\"extendedPrice\":{\"money\":{\"amount\":915,\"currency\":\"KRW\"},\"offset\":0},\"priceEx\":{\"amount\":915,\"currency\":\"KRW\"},\"unit\":\"정\"},\"unitPriceWithDeliveryFee\":{\"amount\":1,\"extendedPrice\":{\"money\":{\"amount\":915,\"currency\":\"KRW\"},\"offset\":0},\"priceEx\":null,\"unit\":\"정\"},\"eligibilityConditions\":{\"ROCKET_CLUB_STATUS\":[]},\"priceEx\":null,\"manageCode\":\"PRICING_NON_WOW_DISCOUNT_CODE\",\"expiryDate\":1763909999000,\"membershipType\":null,\"paymentMethodId\":null,\"paymentMethodDescription\":null,\"cardIdentificationType\":null,\"cardBrand\":null,\"cardCode\":null,\"cardType\":null,\"i18nDiscountAmount\":{\"amount\":\"2010\",\"rawAmount\":2010,\"fractionDigits\":0,\"currency\":\"KRW\"},\"percentageDiscount\":false,\"i18nPrice\":{\"amount\":\"27450\",\"rawAmount\":27450,\"fractionDigits\":0,\"currency\":\"KRW\"},\"fixedDiscount\":true},{\"quantity\":1,\"priceType\":\"FINAL_PRICE\",\"price\":27450,\"priceWithDeliveryFee\":27450,\"discountType\":null,\"discountRate\":42,\"priceBasedDiscountRate\":42,\"promotionBadgeTexts\":{},\"discountAmount\":0,\"description\":\"할인\",\"unitPrice\":{\"amount\":1,\"extendedPrice\":{\"money\":{\"amount\":915,\"currency\":\"KRW\"},\"offset\":0},\"priceEx\":{\"amount\":915,\"currency\":\"KRW\"},\"unit\":\"정\"},\"unitPriceWithDeliveryFee\":{\"amount\":1,\"extendedPrice\":{\"money\":{\"amount\":915,\"currency\":\"KRW\"},\"offset\":0},\"priceEx\":null,\"unit\":\"정\"},\"eligibilityConditions\":{},\"priceEx\":null,\"manageCode\":null,\"expiryDate\":null,\"membershipType\":null,\"paymentMethodId\":null,\"paymentMethodDescription\":null,\"cardIdentificationType\":null,\"cardBrand\":null,\"cardCode\":null,\"cardType\":null,\"i18nDiscountAmount\":{\"amount\":\"0\",\"rawAmount\":0,\"fractionDigits\":0,\"currency\":\"KRW\"},\"percentageDiscount\":false,\"i18nPrice\":{\"amount\":\"27450\",\"rawAmount\":27450,\"fractionDigits\":0,\"currency\":\"KRW\"},\"fixedDiscount\":false},{\"quantity\":1,\"priceType\":\"DELIVERY_BUNDLE_REWARD_CASH\",\"price\":275,\"priceWithDeliveryFee\":0,\"discountType\":\"PERCENTAGE\",\"discountRate\":1,\"priceBasedDiscountRate\":null,\"promotionBadgeTexts\":{},\"discountAmount\":275,\"description\":\"쿠페이 머니 결제 시 1% 적립\",\"unitPrice\":null,\"unitPriceWithDeliveryFee\":null,\"eligibilityConditions\":{\"USER_BUDGET\":[\"10000\"],\"USER_BUDGET_I18N\":[\"{\\\"currencyCode\\\":\\\"KRW\\\",\\\"units\\\":10000,\\\"nanos\\\":0}\"]},\"priceEx\":null,\"manageCode\":\"COUPAY_MONEY_CASHBACK\",\"expiryDate\":4070962799000,\"membershipType\":null,\"paymentMethodId\":null,\"paymentMethodDescription\":null,\"cardIdentificationType\":null,\"cardBrand\":null,\"cardCode\":null,\"cardType\":null,\"i18nDiscountAmount\":{\"amount\":\"275\",\"rawAmount\":275,\"fractionDigits\":0,\"currency\":\"KRW\"},\"percentageDiscount\":true,\"i18nPrice\":{\"amount\":\"275\",\"rawAmount\":275,\"fractionDigits\":0,\"currency\":\"KRW\"},\"fixedDiscount\":false},{\"quantity\":1,\"priceType\":\"ANCHOR_PRICE\",\"price\":48000,\"priceWithDeliveryFee\":48000,\"discountType\":null,\"discountRate\":null,\"priceBasedDiscountRate\":null,\"promotionBadgeTexts\":{},\"discountAmount\":0,\"description\":null,\"unitPrice\":{\"amount\":1,\"extendedPrice\":{\"money\":{\"amount\":1600,\"currency\":\"KRW\"},\"offset\":0},\"priceEx\":{\"amount\":1600,\"currency\":\"KRW\"},\"unit\":\"정\"},\"unitPriceWithDeliveryFee\":{\"amount\":1,\"extendedPrice\":{\"money\":{\"amount\":1600,\"currency\":\"KRW\"},\"offset\":0},\"priceEx\":null,\"unit\":\"정\"},\"eligibilityConditions\":{},\"priceEx\":null,\"manageCode\":null,\"expiryDate\":null,\"membershipType\":null,\"paymentMethodId\":null,\"paymentMethodDescription\":null,\"cardIdentificationType\":null,\"cardBrand\":null,\"cardCode\":null,\"cardType\":null,\"i18nDiscountAmount\":{\"amount\":\"0\",\"rawAmount\":0,\"fractionDigits\":0,\"currency\":\"KRW\"},\"percentageDiscount\":false,\"i18nPrice\":{\"amount\":\"48000\",\"rawAmount\":48000,\"fractionDigits\":0,\"currency\":\"KRW\"},\"fixedDiscount\":false},{\"quantity\":1,\"priceType\":\"ORIGINAL\",\"price\":48000,\"priceWithDeliveryFee\":48000,\"discountType\":null,\"discountRate\":null,\"priceBasedDiscountRate\":null,\"promotionBadgeTexts\":{},\"discountAmount\":0,\"description\":null,\"unitPrice\":{\"amount\":1,\"extendedPrice\":{\"money\":{\"amount\":1600,\"currency\":\"KRW\"},\"offset\":0},\"priceEx\":{\"amount\":1600,\"currency\":\"KRW\"},\"unit\":\"정\"},\"unitPriceWithDeliveryFee\":{\"amount\":1,\"extendedPrice\":{\"money\":{\"amount\":1600,\"currency\":\"KRW\"},\"offset\":0},\"priceEx\":null,\"unit\":\"정\"},\"eligibilityConditions\":{},\"priceEx\":null,\"manageCode\":null,\"expiryDate\":null,\"membershipType\":null,\"paymentMethodId\":null,\"paymentMethodDescription\":null,\"cardIdentificationType\":null,\"cardBrand\":null,\"cardCode\":null,\"cardType\":null,\"i18nDiscountAmount\":{\"amount\":\"0\",\"rawAmount\":0,\"fractionDigits\":0,\"currency\":\"KRW\"},\"percentageDiscount\":false,\"i18nPrice\":{\"amount\":\"48000\",\"rawAmount\":48000,\"fractionDigits\":0,\"currency\":\"KRW\"},\"fixedDiscount\":false},{\"quantity\":1,\"priceType\":\"GIFTING_REWARD_CASH\",\"price\":275,\"priceWithDeliveryFee\":0,\"discountType\":\"PERCENTAGE\",\"discountRate\":null,\"priceBasedDiscountRate\":null,\"promotionBadgeTexts\":{},\"discountAmount\":275,\"description\":\"로켓 선물하기 이용 시 1% 적립\",\"unitPrice\":null,\"unitPriceWithDeliveryFee\":null,\"eligibilityConditions\":{\"USER_BUDGET\":[\"50000\"],\"USER_BUDGET_I18N\":[\"{\\\"currencyCode\\\":\\\"KRW\\\",\\\"units\\\":50000,\\\"nanos\\\":0}\"]},\"priceEx\":null,\"manageCode\":\"cashback_gifting_1off\",\"expiryDate\":null,\"membershipType\":null,\"paymentMethodId\":null,\"paymentMethodDescription\":null,\"cardIdentificationType\":null,\"cardBrand\":null,\"cardCode\":null,\"cardType\":null,\"i18nDiscountAmount\":{\"amount\":\"275\",\"rawAmount\":275,\"fractionDigits\":0,\"currency\":\"KRW\"},\"percentageDiscount\":true,\"i18nPrice\":{\"amount\":\"275\",\"rawAmount\":275,\"fractionDigits\":0,\"currency\":\"KRW\"},\"fixedDiscount\":false},{\"quantity\":1,\"priceType\":\"SALES\",\"price\":29460,\"priceWithDeliveryFee\":29460,\"discountType\":null,\"discountRate\":38,\"priceBasedDiscountRate\":38,\"promotionBadgeTexts\":{},\"discountAmount\":0,\"description\":\"쿠팡판매가\",\"unitPrice\":{\"amount\":1,\"extendedPrice\":{\"money\":{\"amount\":982,\"currency\":\"KRW\"},\"offset\":0},\"priceEx\":{\"amount\":982,\"currency\":\"KRW\"},\"unit\":\"정\"},\"unitPriceWithDeliveryFee\":{\"amount\":1,\"extendedPrice\":{\"money\":{\"amount\":982,\"currency\":\"KRW\"},\"offset\":0},\"priceEx\":null,\"unit\":\"정\"},\"eligibilityConditions\":{},\"priceEx\":null,\"manageCode\":null,\"expiryDate\":null,\"membershipType\":null,\"paymentMethodId\":null,\"paymentMethodDescription\":null,\"cardIdentificationType\":null,\"cardBrand\":null,\"cardCode\":null,\"cardType\":null,\"i18nDiscountAmount\":{\"amount\":\"0\",\"rawAmount\":0,\"fractionDigits\":0,\"currency\":\"KRW\"},\"percentageDiscount\":false,\"i18nPrice\":{\"amount\":\"29460\",\"rawAmount\":29460,\"fractionDigits\":0,\"currency\":\"KRW\"},\"fixedDiscount\":false}],\"priceByMemberStatus\":{\"NOT_MEMBER\":[{\"quantity\":1,\"priceType\":\"INSTANT_DISCOUNT\",\"price\":27450,\"priceWithDeliveryFee\":27450,\"discountType\":\"FIXED\",\"discountRate\":42,\"priceBasedDiscountRate\":42,\"promotionBadgeTexts\":{},\"discountAmount\":2010,\"description\":\"할인\",\"unitPrice\":{\"amount\":1,\"extendedPrice\":{\"money\":{\"amount\":915,\"currency\":\"KRW\"},\"offset\":0},\"priceEx\":{\"amount\":915,\"currency\":\"KRW\"},\"unit\":\"정\"},\"unitPriceWithDeliveryFee\":{\"amount\":1,\"extendedPrice\":{\"money\":{\"amount\":915,\"currency\":\"KRW\"},\"offset\":0},\"priceEx\":null,\"unit\":\"정\"},\"eligibilityConditions\":{\"ROCKET_CLUB_STATUS\":[]},\"priceEx\":null,\"manageCode\":\"PRICING_NON_WOW_DISCOUNT_CODE\",\"expiryDate\":1763909999000,\"membershipType\":null,\"paymentMethodId\":null,\"paymentMethodDescription\":null,\"cardIdentificationType\":null,\"cardBrand\":null,\"cardCode\":null,\"cardType\":null,\"i18nDiscountAmount\":{\"amount\":\"2010\",\"rawAmount\":2010,\"fractionDigits\":0,\"currency\":\"KRW\"},\"percentageDiscount\":false,\"i18nPrice\":{\"amount\":\"27450\",\"rawAmount\":27450,\"fractionDigits\":0,\"currency\":\"KRW\"},\"fixedDiscount\":true},{\"quantity\":1,\"priceType\":\"FINAL_PRICE\",\"price\":27450,\"priceWithDeliveryFee\":27450,\"discountType\":null,\"discountRate\":42,\"priceBasedDiscountRate\":42,\"promotionBadgeTexts\":{},\"discountAmount\":0,\"description\":\"할인\",\"unitPrice\":{\"amount\":1,\"extendedPrice\":{\"money\":{\"amount\":915,\"currency\":\"KRW\"},\"offset\":0},\"priceEx\":{\"amount\":915,\"currency\":\"KRW\"},\"unit\":\"정\"},\"unitPriceWithDeliveryFee\":{\"amount\":1,\"extendedPrice\":{\"money\":{\"amount\":915,\"currency\":\"KRW\"},\"offset\":0},\"priceEx\":null,\"unit\":\"정\"},\"eligibilityConditions\":{},\"priceEx\":null,\"manageCode\":null,\"expiryDate\":null,\"membershipType\":null,\"paymentMethodId\":null,\"paymentMethodDescription\":null,\"cardIdentificationType\":null,\"cardBrand\":null,\"cardCode\":null,\"cardType\":null,\"i18nDiscountAmount\":{\"amount\":\"0\",\"rawAmount\":0,\"fractionDigits\":0,\"currency\":\"KRW\"},\"percentageDiscount\":false,\"i18nPrice\":{\"amount\":\"27450\",\"rawAmount\":27450,\"fractionDigits\":0,\"currency\":\"KRW\"},\"fixedDiscount\":false},{\"quantity\":1,\"priceType\":\"DELIVERY_BUNDLE_REWARD_CASH\",\"price\":275,\"priceWithDeliveryFee\":0,\"discountType\":\"PERCENTAGE\",\"discountRate\":1,\"priceBasedDiscountRate\":null,\"promotionBadgeTexts\":{},\"discountAmount\":275,\"description\":\"쿠페이 머니 결제 시 1% 적립\",\"unitPrice\":null,\"unitPriceWithDeliveryFee\":null,\"eligibilityConditions\":{\"USER_BUDGET\":[\"10000\"],\"USER_BUDGET_I18N\":[\"{\\\"currencyCode\\\":\\\"KRW\\\",\\\"units\\\":10000,\\\"nanos\\\":0}\"]},\"priceEx\":null,\"manageCode\":\"COUPAY_MONEY_CASHBACK\",\"expiryDate\":4070962799000,\"membershipType\":null,\"paymentMethodId\":null,\"paymentMethodDescription\":null,\"cardIdentificationType\":null,\"cardBrand\":null,\"cardCode\":null,\"cardType\":null,\"i18nDiscountAmount\":{\"amount\":\"275\",\"rawAmount\":275,\"fractionDigits\":0,\"currency\":\"KRW\"},\"percentageDiscount\":true,\"i18nPrice\":{\"amount\":\"275\",\"rawAmount\":275,\"fractionDigits\":0,\"currency\":\"KRW\"},\"fixedDiscount\":false},{\"quantity\":1,\"priceType\":\"ANCHOR_PRICE\",\"price\":48000,\"priceWithDeliveryFee\":48000,\"discountType\":null,\"discountRate\":null,\"priceBasedDiscountRate\":null,\"promotionBadgeTexts\":{},\"discountAmount\":0,\"description\":null,\"unitPrice\":{\"amount\":1,\"extendedPrice\":{\"money\":{\"amount\":1600,\"currency\":\"KRW\"},\"offset\":0},\"priceEx\":{\"amount\":1600,\"currency\":\"KRW\"},\"unit\":\"정\"},\"unitPriceWithDeliveryFee\":{\"amount\":1,\"extendedPrice\":{\"money\":{\"amount\":1600,\"currency\":\"KRW\"},\"offset\":0},\"priceEx\":null,\"unit\":\"정\"},\"eligibilityConditions\":{},\"priceEx\":null,\"manageCode\":null,\"expiryDate\":null,\"membershipType\":null,\"paymentMethodId\":null,\"paymentMethodDescription\":null,\"cardIdentificationType\":null,\"cardBrand\":null,\"cardCode\":null,\"cardType\":null,\"i18nDiscountAmount\":{\"amount\":\"0\",\"rawAmount\":0,\"fractionDigits\":0,\"currency\":\"KRW\"},\"percentageDiscount\":false,\"i18nPrice\":{\"amount\":\"48000\",\"rawAmount\":48000,\"fractionDigits\":0,\"currency\":\"KRW\"},\"fixedDiscount\":false},{\"quantity\":1,\"priceType\":\"ORIGINAL\",\"price\":48000,\"priceWithDeliveryFee\":48000,\"discountType\":null,\"discountRate\":null,\"priceBasedDiscountRate\":null,\"promotionBadgeTexts\":{},\"discountAmount\":0,\"description\":null,\"unitPrice\":{\"amount\":1,\"extendedPrice\":{\"money\":{\"amount\":1600,\"currency\":\"KRW\"},\"offset\":0},\"priceEx\":{\"amount\":1600,\"currency\":\"KRW\"},\"unit\":\"정\"},\"unitPriceWithDeliveryFee\":{\"amount\":1,\"extendedPrice\":{\"money\":{\"amount\":1600,\"currency\":\"KRW\"},\"offset\":0},\"priceEx\":null,\"unit\":\"정\"},\"eligibilityConditions\":{},\"priceEx\":null,\"manageCode\":null,\"expiryDate\":null,\"membershipType\":null,\"paymentMethodId\":null,\"paymentMethodDescription\":null,\"cardIdentificationType\":null,\"cardBrand\":null,\"cardCode\":null,\"cardType\":null,\"i18nDiscountAmount\":{\"amount\":\"0\",\"rawAmount\":0,\"fractionDigits\":0,\"currency\":\"KRW\"},\"percentageDiscount\":false,\"i18nPrice\":{\"amount\":\"48000\",\"rawAmount\":48000,\"fractionDigits\":0,\"currency\":\"KRW\"},\"fixedDiscount\":false},{\"quantity\":1,\"priceType\":\"GIFTING_REWARD_CASH\",\"price\":275,\"priceWithDeliveryFee\":0,\"discountType\":\"PERCENTAGE\",\"discountRate\":null,\"priceBasedDiscountRate\":null,\"promotionBadgeTexts\":{},\"discountAmount\":275,\"description\":\"로켓 선물하기 이용 시 1% 적립\",\"unitPrice\":null,\"unitPriceWithDeliveryFee\":null,\"eligibilityConditions\":{\"USER_BUDGET\":[\"50000\"],\"USER_BUDGET_I18N\":[\"{\\\"currencyCode\\\":\\\"KRW\\\",\\\"units\\\":50000,\\\"nanos\\\":0}\"]},\"priceEx\":null,\"manageCode\":\"cashback_gifting_1off\",\"expiryDate\":null,\"membershipType\":null,\"paymentMethodId\":null,\"paymentMethodDescription\":null,\"cardIdentificationType\":null,\"cardBrand\":null,\"cardCode\":null,\"cardType\":null,\"i18nDiscountAmount\":{\"amount\":\"275\",\"rawAmount\":275,\"fractionDigits\":0,\"currency\":\"KRW\"},\"percentageDiscount\":true,\"i18nPrice\":{\"amount\":\"275\",\"rawAmount\":275,\"fractionDigits\":0,\"currency\":\"KRW\"},\"fixedDiscount\":false},{\"quantity\":1,\"priceType\":\"SALES\",\"price\":29460,\"priceWithDeliveryFee\":29460,\"discountType\":null,\"discountRate\":38,\"priceBasedDiscountRate\":38,\"promotionBadgeTexts\":{},\"discountAmount\":0,\"description\":\"쿠팡판매가\",\"unitPrice\":{\"amount\":1,\"extendedPrice\":{\"money\":{\"amount\":982,\"currency\":\"KRW\"},\"offset\":0},\"priceEx\":{\"amount\":982,\"currency\":\"KRW\"},\"unit\":\"정\"},\"unitPriceWithDeliveryFee\":{\"amount\":1,\"extendedPrice\":{\"money\":{\"amount\":982,\"currency\":\"KRW\"},\"offset\":0},\"priceEx\":null,\"unit\":\"정\"},\"eligibilityConditions\":{},\"priceEx\":null,\"manageCode\":null,\"expiryDate\":null,\"membershipType\":null,\"paymentMethodId\":null,\"paymentMethodDescription\":null,\"cardIdentificationType\":null,\"cardBrand\":null,\"cardCode\":null,\"cardType\":null,\"i18nDiscountAmount\":{\"amount\":\"0\",\"rawAmount\":0,\"fractionDigits\":0,\"currency\":\"KRW\"},\"percentageDiscount\":false,\"i18nPrice\":{\"amount\":\"29460\",\"rawAmount\":29460,\"fractionDigits\":0,\"currency\":\"KRW\"},\"fixedDiscount\":false}],\"MEMBER\":[{\"quantity\":1,\"priceType\":\"INSTANT_DISCOUNT\",\"price\":23460,\"priceWithDeliveryFee\":23460,\"discountType\":\"QUANTITY_BASED_FIXED\",\"discountRate\":51,\"priceBasedDiscountRate\":51,\"promotionBadgeTexts\":{},\"discountAmount\":6000,\"description\":\"와우할인가\",\"unitPrice\":{\"amount\":1,\"extendedPrice\":{\"money\":{\"amount\":782,\"currency\":\"KRW\"},\"offset\":0},\"priceEx\":{\"amount\":782,\"currency\":\"KRW\"},\"unit\":\"정\"},\"unitPriceWithDeliveryFee\":{\"amount\":1,\"extendedPrice\":{\"money\":{\"amount\":782,\"currency\":\"KRW\"},\"offset\":0},\"priceEx\":null,\"unit\":\"정\"},\"eligibilityConditions\":{\"ROCKET_CLUB_STATUS\":[\"TRIAL\",\"MEMBER\"]},\"priceEx\":null,\"manageCode\":\"retail_rocket_wow_discount_1982689_20251117_752770697890_1\",\"expiryDate\":1763909999000,\"membershipType\":null,\"paymentMethodId\":null,\"paymentMethodDescription\":null,\"cardIdentificationType\":null,\"cardBrand\":null,\"cardCode\":null,\"cardType\":null,\"i18nDiscountAmount\":{\"amount\":\"6000\",\"rawAmount\":6000,\"fractionDigits\":0,\"currency\":\"KRW\"},\"percentageDiscount\":false,\"i18nPrice\":{\"amount\":\"23460\",\"rawAmount\":23460,\"fractionDigits\":0,\"currency\":\"KRW\"},\"fixedDiscount\":false},{\"quantity\":1,\"priceType\":\"FINAL_PRICE\",\"price\":23460,\"priceWithDeliveryFee\":23460,\"discountType\":null,\"discountRate\":51,\"priceBasedDiscountRate\":51,\"promotionBadgeTexts\":{},\"discountAmount\":0,\"description\":\"와우할인\",\"unitPrice\":{\"amount\":1,\"extendedPrice\":{\"money\":{\"amount\":782,\"currency\":\"KRW\"},\"offset\":0},\"priceEx\":{\"amount\":782,\"currency\":\"KRW\"},\"unit\":\"정\"},\"unitPriceWithDeliveryFee\":{\"amount\":1,\"extendedPrice\":{\"money\":{\"amount\":782,\"currency\":\"KRW\"},\"offset\":0},\"priceEx\":null,\"unit\":\"정\"},\"eligibilityConditions\":{},\"priceEx\":null,\"manageCode\":null,\"expiryDate\":null,\"membershipType\":null,\"paymentMethodId\":null,\"paymentMethodDescription\":null,\"cardIdentificationType\":null,\"cardBrand\":null,\"cardCode\":null,\"cardType\":null,\"i18nDiscountAmount\":{\"amount\":\"0\",\"rawAmount\":0,\"fractionDigits\":0,\"currency\":\"KRW\"},\"percentageDiscount\":false,\"i18nPrice\":{\"amount\":\"23460\",\"rawAmount\":23460,\"fractionDigits\":0,\"currency\":\"KRW\"},\"fixedDiscount\":false},{\"quantity\":1,\"priceType\":\"DELIVERY_BUNDLE_REWARD_CASH\",\"price\":235,\"priceWithDeliveryFee\":0,\"discountType\":\"PERCENTAGE\",\"discountRate\":1,\"priceBasedDiscountRate\":null,\"promotionBadgeTexts\":{},\"discountAmount\":235,\"description\":\"쿠페이 머니 결제 시 1% 적립\",\"unitPrice\":null,\"unitPriceWithDeliveryFee\":null,\"eligibilityConditions\":{\"USER_BUDGET\":[\"10000\"],\"USER_BUDGET_I18N\":[\"{\\\"currencyCode\\\":\\\"KRW\\\",\\\"units\\\":10000,\\\"nanos\\\":0}\"]},\"priceEx\":null,\"manageCode\":\"COUPAY_MONEY_CASHBACK\",\"expiryDate\":4070962799000,\"membershipType\":null,\"paymentMethodId\":null,\"paymentMethodDescription\":null,\"cardIdentificationType\":null,\"cardBrand\":null,\"cardCode\":null,\"cardType\":null,\"i18nDiscountAmount\":{\"amount\":\"235\",\"rawAmount\":235,\"fractionDigits\":0,\"currency\":\"KRW\"},\"percentageDiscount\":true,\"i18nPrice\":{\"amount\":\"235\",\"rawAmount\":235,\"fractionDigits\":0,\"currency\":\"KRW\"},\"fixedDiscount\":false},{\"quantity\":1,\"priceType\":\"ROCKET_WOW_COUPAY_MONEY_REWARD_CASH\",\"price\":938,\"priceWithDeliveryFee\":0,\"discountType\":\"PERCENTAGE\",\"discountRate\":4,\"priceBasedDiscountRate\":null,\"promotionBadgeTexts\":{},\"discountAmount\":938,\"description\":\"[로켓와우 + 쿠페이 머니] 결제 시 4% 추가적립\",\"unitPrice\":null,\"unitPriceWithDeliveryFee\":null,\"eligibilityConditions\":{\"USER_BUDGET\":[\"40000\"],\"ELIGIBILITY_DAYS\":[\"30\"],\"USER_BUDGET_I18N\":[\"{\\\"currencyCode\\\":\\\"KRW\\\",\\\"units\\\":40000,\\\"nanos\\\":0}\"]},\"priceEx\":null,\"manageCode\":\"ROCKETWOW_COUPAY_MONEY_CASHBACK_JUN2019\",\"expiryDate\":1930003200000,\"membershipType\":null,\"paymentMethodId\":null,\"paymentMethodDescription\":null,\"cardIdentificationType\":null,\"cardBrand\":null,\"cardCode\":null,\"cardType\":null,\"i18nDiscountAmount\":{\"amount\":\"938\",\"rawAmount\":938,\"fractionDigits\":0,\"currency\":\"KRW\"},\"percentageDiscount\":true,\"i18nPrice\":{\"amount\":\"938\",\"rawAmount\":938,\"fractionDigits\":0,\"currency\":\"KRW\"},\"fixedDiscount\":false},{\"quantity\":1,\"priceType\":\"ROCKET_WOW_COUPAY_BANK_REWARD_CASH\",\"price\":469,\"priceWithDeliveryFee\":0,\"discountType\":\"PERCENTAGE\",\"discountRate\":2,\"priceBasedDiscountRate\":null,\"promotionBadgeTexts\":{},\"discountAmount\":469,\"description\":\"[로켓와우 + 쿠페이 계좌이체] 결제 시 2% 적립\",\"unitPrice\":null,\"unitPriceWithDeliveryFee\":null,\"eligibilityConditions\":{\"USER_BUDGET\":[\"20000\"],\"ELIGIBILITY_DAYS\":[\"30\"],\"USER_BUDGET_I18N\":[\"{\\\"currencyCode\\\":\\\"KRW\\\",\\\"units\\\":20000,\\\"nanos\\\":0}\"]},\"priceEx\":null,\"manageCode\":\"ROCKETWOW_COUPAY_BANK_CASHBACK_JUN2019\",\"expiryDate\":1930003200000,\"membershipType\":null,\"paymentMethodId\":null,\"paymentMethodDescription\":null,\"cardIdentificationType\":null,\"cardBrand\":null,\"cardCode\":null,\"cardType\":null,\"i18nDiscountAmount\":{\"amount\":\"469\",\"rawAmount\":469,\"fractionDigits\":0,\"currency\":\"KRW\"},\"percentageDiscount\":true,\"i18nPrice\":{\"amount\":\"469\",\"rawAmount\":469,\"fractionDigits\":0,\"currency\":\"KRW\"},\"fixedDiscount\":false},{\"quantity\":1,\"priceType\":\"ANCHOR_PRICE\",\"price\":48000,\"priceWithDeliveryFee\":48000,\"discountType\":null,\"discountRate\":null,\"priceBasedDiscountRate\":null,\"promotionBadgeTexts\":{},\"discountAmount\":0,\"description\":null,\"unitPrice\":{\"amount\":1,\"extendedPrice\":{\"money\":{\"amount\":1600,\"currency\":\"KRW\"},\"offset\":0},\"priceEx\":{\"amount\":1600,\"currency\":\"KRW\"},\"unit\":\"정\"},\"unitPriceWithDeliveryFee\":{\"amount\":1,\"extendedPrice\":{\"money\":{\"amount\":1600,\"currency\":\"KRW\"},\"offset\":0},\"priceEx\":null,\"unit\":\"정\"},\"eligibilityConditions\":{},\"priceEx\":null,\"manageCode\":null,\"expiryDate\":null,\"membershipType\":null,\"paymentMethodId\":null,\"paymentMethodDescription\":null,\"cardIdentificationType\":null,\"cardBrand\":null,\"cardCode\":null,\"cardType\":null,\"i18nDiscountAmount\":{\"amount\":\"0\",\"rawAmount\":0,\"fractionDigits\":0,\"currency\":\"KRW\"},\"percentageDiscount\":false,\"i18nPrice\":{\"amount\":\"48000\",\"rawAmount\":48000,\"fractionDigits\":0,\"currency\":\"KRW\"},\"fixedDiscount\":false},{\"quantity\":1,\"priceType\":\"ORIGINAL\",\"price\":48000,\"priceWithDeliveryFee\":48000,\"discountType\":null,\"discountRate\":null,\"priceBasedDiscountRate\":null,\"promotionBadgeTexts\":{},\"discountAmount\":0,\"description\":null,\"unitPrice\":{\"amount\":1,\"extendedPrice\":{\"money\":{\"amount\":1600,\"currency\":\"KRW\"},\"offset\":0},\"priceEx\":{\"amount\":1600,\"currency\":\"KRW\"},\"unit\":\"정\"},\"unitPriceWithDeliveryFee\":{\"amount\":1,\"extendedPrice\":{\"money\":{\"amount\":1600,\"currency\":\"KRW\"},\"offset\":0},\"priceEx\":null,\"unit\":\"정\"},\"eligibilityConditions\":{},\"priceEx\":null,\"manageCode\":null,\"expiryDate\":null,\"membershipType\":null,\"paymentMethodId\":null,\"paymentMethodDescription\":null,\"cardIdentificationType\":null,\"cardBrand\":null,\"cardCode\":null,\"cardType\":null,\"i18nDiscountAmount\":{\"amount\":\"0\",\"rawAmount\":0,\"fractionDigits\":0,\"currency\":\"KRW\"},\"percentageDiscount\":false,\"i18nPrice\":{\"amount\":\"48000\",\"rawAmount\":48000,\"fractionDigits\":0,\"currency\":\"KRW\"},\"fixedDiscount\":false},{\"quantity\":1,\"priceType\":\"GIFTING_REWARD_CASH\",\"price\":235,\"priceWithDeliveryFee\":0,\"discountType\":\"PERCENTAGE\",\"discountRate\":null,\"priceBasedDiscountRate\":null,\"promotionBadgeTexts\":{},\"discountAmount\":235,\"description\":\"로켓 선물하기 이용 시 1% 적립\",\"unitPrice\":null,\"unitPriceWithDeliveryFee\":null,\"eligibilityConditions\":{\"USER_BUDGET\":[\"50000\"],\"USER_BUDGET_I18N\":[\"{\\\"currencyCode\\\":\\\"KRW\\\",\\\"units\\\":50000,\\\"nanos\\\":0}\"]},\"priceEx\":null,\"manageCode\":\"cashback_gifting_1off\",\"expiryDate\":null,\"membershipType\":null,\"paymentMethodId\":null,\"paymentMethodDescription\":null,\"cardIdentificationType\":null,\"cardBrand\":null,\"cardCode\":null,\"cardType\":null,\"i18nDiscountAmount\":{\"amount\":\"235\",\"rawAmount\":235,\"fractionDigits\":0,\"currency\":\"KRW\"},\"percentageDiscount\":true,\"i18nPrice\":{\"amount\":\"235\",\"rawAmount\":235,\"fractionDigits\":0,\"currency\":\"KRW\"},\"fixedDiscount\":false},{\"quantity\":1,\"priceType\":\"SALES\",\"price\":29460,\"priceWithDeliveryFee\":29460,\"discountType\":null,\"discountRate\":38,\"priceBasedDiscountRate\":38,\"promotionBadgeTexts\":{},\"discountAmount\":0,\"description\":\"쿠팡판매가\",\"unitPrice\":{\"amount\":1,\"extendedPrice\":{\"money\":{\"amount\":982,\"currency\":\"KRW\"},\"offset\":0},\"priceEx\":{\"amount\":982,\"currency\":\"KRW\"},\"unit\":\"정\"},\"unitPriceWithDeliveryFee\":{\"amount\":1,\"extendedPrice\":{\"money\":{\"amount\":982,\"currency\":\"KRW\"},\"offset\":0},\"priceEx\":null,\"unit\":\"정\"},\"eligibilityConditions\":{},\"priceEx\":null,\"manageCode\":null,\"expiryDate\":null,\"membershipType\":null,\"paymentMethodId\":null,\"paymentMethodDescription\":null,\"cardIdentificationType\":null,\"cardBrand\":null,\"cardCode\":null,\"cardType\":null,\"i18nDiscountAmount\":{\"amount\":\"0\",\"rawAmount\":0,\"fractionDigits\":0,\"currency\":\"KRW\"},\"percentageDiscount\":false,\"i18nPrice\":{\"amount\":\"29460\",\"rawAmount\":29460,\"fractionDigits\":0,\"currency\":\"KRW\"},\"fixedDiscount\":false}]},\"paymentMethodPricesByMemberStatus\":{},\"paymentMethodPrices\":[],\"showWowPrice\":false,\"properties\":{\"AUTO_CANCELED\":\"APPROVAL_CANCEL\",\"OVERNIGHT_DELIVERY\":\"true\",\"OVERSEAS_PURCHASED\":\"false\",\"NON_COMPETITIVE_DISCOUNT_NOT_MEMBER\":\"true\",\"SEPARATE_REFUND_POLICY\":\"false\",\"SUPPLIER_ID\":\"A00106807\",\"PERSONAL_INFORMATION_USE_AGREE\":\"false\",\"TAX_TYPE\":\"TAX\",\"BEST_PRICE_GUARANTEED_3P\":\"false\",\"IS_PCC_NEEDED\":\"false\",\"SEVEN_REFUND_AGREE\":\"false\",\"PRODUCED_DATE\":\"\",\"AUTO_DISPLAY\":\"true\",\"CANCEL_BUTTON_SHOWED\":\"false\",\"TEMPERATURE\":\"CHILLED\",\"PARALLEL_IMPORTED\":\"false\",\"PRE_ORDER\":\"false\",\"EXTRA_INFO_LABEL_EX\":\"{\\\"ko_KR\\\":\\\"\\\"}\",\"EXPIRED_DATE\":\"2027-07-22\",\"PRINT_BUTTON_SHOWED\":\"true\",\"IS_IMPORT_AGENCY\":\"false\",\"MANUFACTURED_DATE\":\"2025-08-02\",\"ORIGIN_VENDOR_ITEM_VALID\":\"true\",\"OFFER_CONDITION\":\"NEW\",\"ORIGINAL_PRICE_FOR_RETAIL\":\"48000\",\"ORIGINAL_PRICE_FOR_RETAIL_I18N\":\"{\\\"currencyCode\\\":\\\"KRW\\\",\\\"units\\\":48000,\\\"nanos\\\":0}\",\"FRONT_CANCELABLE\":\"false\",\"EXTRA_INFO_LABEL\":\"\",\"THIRD_PARTY_AGREE\":\"true\",\"REMOTE_AREA_DELIVERABLE\":\"false\",\"PURCHASED_BEFORE\":\"false\",\"COLD_START\":\"false\",\"RANK_BEFORE_COLD_START_BOOST\":\"0\",\"OFFER_CONDITION_V2\":\"NEW\"},\"itemAttributes\":{\"7652\":{\"expose\":true,\"id\":7652,\"name\":\"수량\",\"value\":\"1\",\"valueWithUnit\":\"1개\",\"weight\":2,\"unitDescription\":\"개\"},\"7943\":{\"expose\":false,\"id\":7943,\"name\":\"총 중량(g)\",\"value\":\"13.5\",\"valueWithUnit\":\"13.5g\",\"weight\":3,\"unitDescription\":\"g\"},\"10573\":{\"expose\":false,\"id\":10573,\"name\":\"건강식품 타입\",\"value\":\"캡슐\",\"valueWithUnit\":\"캡슐\",\"weight\":9,\"unitDescription\":\"없음\"},\"12293\":{\"expose\":false,\"id\":12293,\"name\":\"총 캡슐/정 수량\",\"value\":\"30\",\"valueWithUnit\":\"30정\",\"weight\":4,\"unitDescription\":\"정\"},\"12746\":{\"expose\":false,\"id\":12746,\"name\":\"유산균 종류\",\"value\":\"프로바이오틱스\",\"valueWithUnit\":\"프로바이오틱스\",\"weight\":5,\"unitDescription\":\"없음\"},\"12952\":{\"expose\":false,\"id\":12952,\"name\":\"식단관리 식품\",\"value\":\"Y\",\"valueWithUnit\":\"Y\",\"weight\":16,\"unitDescription\":\"없음\"},\"14264\":{\"expose\":true,\"id\":14264,\"name\":\"개당 캡슐/정\",\"value\":\"30\",\"valueWithUnit\":\"30정\",\"weight\":1,\"unitDescription\":\"정\"}},\"adhocProperties\":{},\"divisionType\":\"GOODS\",\"offerAttribute\":null,\"badgeReorder\":false,\"soldOutReason\":null,\"purchasedCount\":null,\"lastPurchasedDateUTC\":null,\"warrantyService\":{\"warrantyMonth\":0,\"available\":false},\"brandInfoList\":[{\"shopAvailable\":false,\"properties\":null,\"name\":\"드시모네\",\"logoImagePath\":\"brandLogo/brandLogo_7e9fd53c-1f01-47fc-bfb5-b836592ef727.jpg\",\"id\":39034,\"description\":\"드시모네\",\"luxuryBrand\":false,\"farfetchBrand\":false,\"brandTier\":null,\"officialBrandName\":\"드시모네\",\"tier1\":false,\"tier2\":false,\"tier3\":false,\"bothFashionBeauty\":false,\"brandShopLink\":null,\"farfetchBrandShopLink\":null,\"brandKeywordBannerRluxMainImage\":null,\"brandKeywordBannerFarfetchMainImage\":null,\"brandWhiteLogo\":null}],\"freebie\":null,\"wowMember\":false,\"memberDto\":{\"loyaltyMemberId\":null,\"loyaltyMemberStatus\":\"UNKNOWN\",\"rocketWowEligible\":true,\"profilingSegments\":[],\"acquirerCode\":null,\"creditCardHistoryIn90Day\":null,\"agreeCollect\":false,\"studentStatus\":null,\"membershipBenefits\":[{\"type\":\"CARD_ISSUANCE.WOW\",\"attribute\":null,\"granted\":true},{\"type\":\"CASHBACK.BASIC\",\"attribute\":null,\"granted\":false},{\"type\":\"EATS\",\"attribute\":null,\"granted\":false},{\"type\":\"FAST_DELIVERY.DAWN\",\"attribute\":null,\"granted\":false},{\"type\":\"FAST_DELIVERY.PDD\",\"attribute\":null,\"granted\":false},{\"type\":\"FAST_DELIVERY.SAME_DAY\",\"attribute\":null,\"granted\":false},{\"type\":\"FREE_RETURN.FARFETCH\",\"attribute\":null,\"granted\":false},{\"type\":\"FREE_RETURN.JIKGU\",\"attribute\":null,\"granted\":false},{\"type\":\"FREE_RETURN.OTHERS\",\"attribute\":null,\"granted\":false},{\"type\":\"FREE_RETURN.ROCKET\",\"attribute\":null,\"granted\":false},{\"type\":\"FREE_SHIPPING.FARFETCH\",\"attribute\":null,\"granted\":true},{\"type\":\"FREE_SHIPPING.JIKGU\",\"attribute\":null,\"granted\":false},{\"type\":\"FREE_SHIPPING.OTHERS\",\"attribute\":null,\"granted\":false},{\"type\":\"FREE_SHIPPING.ROCKET\",\"attribute\":null,\"granted\":false},{\"type\":\"MEMBERSHIP_ENABLEMENT.WOW\",\"attribute\":null,\"granted\":false},{\"type\":\"MEMBERSHIP_PERIOD.WOW\",\"attribute\":null,\"granted\":true},{\"type\":\"MEMBERSHIP_PRICE.WOW\",\"attribute\":null,\"granted\":true},{\"type\":\"PLAY\",\"attribute\":null,\"granted\":false},{\"type\":\"PURCHASE.FRESH\",\"attribute\":null,\"granted\":false},{\"type\":\"SIGNUP_PROMOTION.PPC_PROMOTION\",\"attribute\":null,\"granted\":true},{\"type\":\"SIGNUP_PROMOTION.PPD_PROMOTION\",\"attribute\":null,\"granted\":true},{\"type\":\"SIGNUP_PROMOTION.WELCOME_PROMOTION\",\"attribute\":null,\"granted\":true},{\"type\":\"WOW_PRICE.BASIC\",\"attribute\":null,\"granted\":false},{\"type\":\"WOW_PRICE.BEST_PRICE\",\"attribute\":null,\"granted\":false},{\"type\":\"WOW_PRICE.EXCLUSIVE_PRICE\",\"attribute\":null,\"granted\":false},{\"type\":\"WOW_PRICE.TIME_DISCOUNT\",\"attribute\":null,\"granted\":false},{\"type\":\"WOW_PRICE.TRAVEL_DISCOUNT\",\"attribute\":null,\"granted\":false},{\"type\":\"WOW_PRICE.WOW_CCID\",\"attribute\":null,\"granted\":false},{\"type\":\"WOW_PRICE.WOW_DISCOUNT\",\"attribute\":null,\"granted\":false},{\"type\":\"WOW_PRICE.WOW_ONLY_COUPON\",\"attribute\":null,\"granted\":false}],\"memberPaymentDto\":{\"activeOptionAcquirerCode\":null,\"activeOptionExist\":false,\"activeOptionCardType\":null,\"activeOptionPayType\":null,\"activeOptionCardBrandCode\":null,\"activeOptionCardIdentificationType\":null,\"activeOptionPartnerBrand\":null},\"rocketWowMember\":false,\"nonPseudoRocketWowMember\":false,\"pseudoMember\":false},\"categoryId\":8493,\"remoteShippingFeeChargeable\":false,\"adult\":false,\"rocketDelivery\":true,\"freeDelivery\":false,\"directUse\":false,\"freeOver9800Delivery\":false,\"i18nCouponPrice\":{\"amount\":\"27450\",\"rawAmount\":27450,\"fractionDigits\":0,\"currency\":\"KRW\"},\"subscriptionDelivery\":false,\"subscriptionPromotion\":false,\"globalDelivery\":false,\"i18nOriginalPrice\":{\"amount\":\"48000\",\"rawAmount\":48000,\"fractionDigits\":0,\"currency\":\"KRW\"},\"i18nSubscriptionPrice\":null,\"couPick\":false,\"i18nSalesPrice\":{\"amount\":\"29460\",\"rawAmount\":29460,\"fractionDigits\":0,\"currency\":\"KRW\"},\"i18nMinPrice\":null,\"i18nSubscribeCouponPrice\":null},\"legacyProductId\":5379795827,\"bestArea\":{\"sequence\":-1,\"show\":false},\"imageAndTitleArea\":{\"description\":\"\",\"title\":\"드시모네 365 프로바이오틱스 캡슐, 30정, 1개\",\"travelUrl\":\"\",\"defaultUrl\":\"//thumbnail.coupangcdn.com/thumbnails/remote/230x230ex/image/retail/images/2021/04/15/14/5/8a896801-91fc-49c3-9db8-40680657d7e6.jpg\",\"oriDefaultUrl\":\"retail/images/2021/04/15/14/5/8a896801-91fc-49c3-9db8-40680657d7e6.jpg\",\"oriTravelUrl\":\"\",\"oriLocalUrl\":\"\",\"localUrl\":\"\",\"thumbnailUrl\":null,\"isWideImage\":false,\"wideImageUrl\":\"\"},\"priceArea\":{\"originalPrice\":\"48,000\",\"salesPrice\":\"27,450\",\"lowestPrice\":null,\"instantDiscountPrice\":\"27,450\",\"criteriaPriceInfo\":\"\",\"basePrice\":\"48,000\",\"price\":\"27,450\",\"discountRate\":42,\"instantDiscountDescription\":\"할인\",\"shippingFeeDescription\":null,\"showInstantDiscountDescription\":true,\"discountCountDownText\":null,\"discountExpireTime\":null,\"badDiscount\":false,\"i18nOriginalPrice\":{\"amount\":\"48000\",\"rawAmount\":null,\"fractionDigits\":0,\"currency\":\"KRW\"},\"i18nLowestPrice\":null,\"i18nSalesPrice\":{\"amount\":\"27450\",\"rawAmount\":null,\"fractionDigits\":0,\"currency\":\"KRW\"},\"i18nPrice\":{\"amount\":\"27450\",\"rawAmount\":null,\"fractionDigits\":0,\"currency\":\"KRW\"},\"discount\":true,\"instantDiscount\":true,\"i18nBasePrice\":{\"amount\":\"48000\",\"rawAmount\":null,\"fractionDigits\":0,\"currency\":\"KRW\"},\"i18nInstantDiscountPrice\":{\"amount\":\"27450\",\"rawAmount\":null,\"fractionDigits\":0,\"currency\":\"KRW\"}},\"subscriptionPriceArea\":null,\"snsDiscountRate\":-1,\"wowOnlyInstantDiscountRate\":-1,\"bundlePriceArea\":{\"price\":\"915\",\"cnt\":\"1\",\"unitDescription\":\"정\",\"i18nPrice\":{\"amount\":\"915\",\"rawAmount\":null,\"fractionDigits\":0,\"currency\":\"KRW\"}},\"instantDiscountBundlePriceArea\":{\"price\":\"915\",\"cnt\":\"1\",\"unitDescription\":\"정\",\"i18nPrice\":{\"amount\":\"915\",\"rawAmount\":null,\"fractionDigits\":0,\"currency\":\"KRW\"}},\"buyCntArea\":{\"buyCntInBest50\":\"\",\"buyCnt\":\"\",\"showOriginalCnt\":false,\"premium\":false,\"showCnt\":false},\"soldoutArea\":{\"soldOutText\":\"일시품절\",\"soldout\":false},\"priceTagArea\":{\"css\":\"prod-type discounted-price\",\"title\":\"할인\",\"discountRate\":\"\"},\"labelArea\":{\"labelAreaContents\":[],\"todayClose\":false},\"badgeArea\":{\"badgeAreaContents\":[]},\"useDateArea\":null,\"uniqueMessageArea\":{\"uniqueMessage\":{\"description\":\"\",\"messages\":[{\"text\":\"\",\"emphasis\":false}]}},\"gaDataArea\":{\"category\":\"\",\"action\":\"\",\"label\":\"\",\"value\":0},\"rocketArea\":{\"badgeImage\":{\"iconUrl\":\"https://image.coupangcdn.com/image/badges/falcon/v1/web/rocket-fresh@2x.png\",\"iconWidth\":144,\"iconHeight\":32},\"show\":true},\"globalArea\":{\"badgeImage\":null,\"countryName\":null,\"show\":false},\"productArea\":{\"product\":true},\"cashBackArea\":{\"iconUrl\":\"https://image.coupangcdn.com/image/badges/cashback/web/list-cash-icon@2x.png\",\"cashRewardText\":\"최대 1,173원 적립\"},\"bestAward\":null,\"ccidEligible\":false,\"ccidArea\":null,\"stampImageInfo\":null,\"cornerTagArea\":null,\"link\":\"/vp/products/5379795827?itemId=7988177864\u0026vendorItemId=75277069789\u0026sourceType=SDW_TOP_SELLING_WIDGET_V2\u0026searchId=1a76afe61280463\u0026q=유산균\",\"sequence\":5,\"reviewArea\":{\"ratingAverage\":4.5,\"ratingCount\":1461,\"ratingRatio\":90},\"deadLineArea\":{\"almostSoldOut\":false,\"deadLineApproach\":false},\"bestPriceArea\":null,\"topBrandArea\":null,\"bizOnlyArea\":null,\"couPickArea\":null,\"attributeCount\":0,\"attributeName\":\"\",\"packageType\":null,\"productCount\":null,\"vendorItemId\":75277069789,\"benefitBadgeArea\":{\"badgeAreaContents\":[]},\"deliveryBadgeArea\":{\"badgeAreaContents\":[]},\"deliverySpeedBadgeArea\":null,\"subscriptionBundlePriceArea\":null,\"bestSellerBadgeArea\":null,\"rocketFreeShippingBadge\":null,\"promisedDeliveryDateArea\":{\"contents\":[{\"text\":\"내일(금) 새벽 \",\"size\":14,\"color\":\"#008C00\",\"bold\":false},{\"text\":\"도착 보장\",\"size\":14,\"color\":\"#008C00\",\"bold\":false}],\"deliveryType\":null,\"deliveryBadgeImage\":null,\"notEmpty\":true},\"shippingInfoArea\":null,\"eligibleFalconArea\":null,\"usedProductArea\":{\"usedProductInfo\":null,\"usedProductPrice\":null,\"usedOnlyItem\":false,\"notDisplay\":false},\"adBadgeArea\":{\"sponsored\":false,\"adzerkLog\":null,\"showSeparator\":false},\"preOrder\":null,\"bundleOptionArea\":null,\"lowStockArea\":null,\"ranking\":null,\"couponNudgeText\":null,\"couponNudgeStyle\":null,\"couponTagArea\":null,\"ab56922IsB\":false,\"ab56923IsB\":false,\"ab92528SrpIsB\":false,\"ab92528PlpIsB\":false,\"badgeReorder\":false,\"luxuryBrandAuthenticityArea\":null,\"luxuryNudgeText\":null,\"fePricingCxType\":null,\"handymanArea\":null,\"lastPurchaseArea\":null,\"rluxBrandNameArea\":{\"show\":false,\"badgeImage\":null,\"brandName\":null,\"rluxAuthText\":null},\"adjustSpacingTarget\":false,\"hideArriveInfo\":false,\"emptyCcidAndCashback\":false,\"isRlux\":false,\"isFarfetch\":false,\"properties\":{\"promiseDeliveryDate\":\"내일(금) 새벽 도착 보장\",\"extendPdd\":false,\"remoteAreaShippingFeeBadge\":\"False\"},\"badges\":null,\"useBadges\":false,\"sponsored\":false,\"collection\":false,\"underGlobalThreshold\":false,\"showPipe\":false,\"showQuickView\":true,\"isCeCategory\":false},{\"index\":{\"legacyProductId\":{\"legacyProductId\":4655398482,\"itemId\":7827453852},\"salesPrice\":59770,\"itemId\":7827453852,\"componentIds\":[],\"subscriptionPrice\":null,\"subscriptionDiscountRate\":null,\"originalSubscriptionDiscountRate\":null,\"subscriptionVendorItemId\":null,\"vendors\":[{\"id\":\"A00130100\",\"countryCode\":\"KR\",\"countryName\":\"대한민국\"}],\"title\":\"뉴네이처 바이탈 프리미엄 프로바이오틱스 유산균, 60정, 3개\",\"productTitle\":\"뉴네이처 바이탈 프리미엄 프로바이오틱스 유산균, 60정, 3개\",\"alternativeTitle\":\"뉴네이처 바이탈 프리미엄 프로바이오틱스 유산균\",\"imageUrl\":\"vendor_inventory/65f7/3487847b874a785eba66f1f6f70140e2eba3fffd3c7d483260b4f12e86d3.jpg\",\"imageMainUrl\":\"vendor_inventory/65f7/3487847b874a785eba66f1f6f70140e2eba3fffd3c7d483260b4f12e86d3.jpg\",\"deliveryType\":\"ROCKET_MERCHANT\",\"deliveryInfo\":{\"remoteAreaDeliverable\":true,\"remoteArea\":null,\"outboundShippingTime\":24,\"outboundShippingPlaceId\":0,\"logisticType\":\"ROCKET\",\"isLogistics\":true,\"freeShipOverAmountEx\":{\"currency\":\"KRW\",\"amount\":19800},\"finalFreeShipOverAmountEx\":{\"currency\":\"KRW\",\"amount\":19800},\"deliveryType\":\"FAST\",\"deliveryMethod\":\"SEQUENCIAL\",\"deliveryCompanyName\":\"쿠친\",\"deliveryCompanyCode\":\"COUPANG\",\"deliveryChargeOnReturnEx\":{\"currency\":\"KRW\",\"amount\":0},\"deliveryChargeEx\":{\"currency\":\"KRW\",\"amount\":2500},\"batchShipment\":true},\"minPrice\":null,\"originalPrice\":0,\"discountRate\":4,\"linkcodes\":[],\"sellingStatusType\":null,\"attributeCount\":0,\"attributeName\":null,\"productType\":\"PRODUCT\",\"itemImages\":null,\"defaultExposure\":false,\"trackingCodeMain\":null,\"trackingCodeSub\":null,\"reviewRatingAverage\":4.5,\"reviewRatingCount\":10460,\"sectionContent\":null,\"hasUnitPriceInfo\":false,\"unitPriceInfo\":null,\"latLngs\":null,\"categoryBestIds\":null,\"debugInfo\":null,\"packageType\":null,\"bestPrice\":false,\"rocketWow\":true,\"rocketFresh\":false,\"pricePrefix\":\"할인\",\"priceDescription\":null,\"discountedDescription\":\"할인\",\"couponPrice\":56870,\"subscribeCouponPrice\":null,\"unitPrice\":{\"amount\":1,\"extendedPrice\":{\"money\":{\"amount\":316,\"currency\":\"KRW\"},\"offset\":0},\"priceEx\":{\"amount\":316,\"currency\":\"KRW\"},\"unit\":\"정\"},\"subscribeUnitPrice\":null,\"badges\":[{\"attributeByKey\":{},\"id\":\"ROCKET_CASH_REWARD\",\"text\":\"최대 2,844원 적립\",\"type\":\"ROCKET_REWARD\"},{\"attributeByKey\":{},\"id\":\"ROCKET_MERCHANT\",\"text\":null,\"type\":\"SHIPPINGTYPE\"}],\"brands\":[\"뉴네이처\"],\"brandIds\":[\"51332\"],\"benefits\":null,\"subscribeBenefits\":null,\"falconDeliveryType\":null,\"falconDeliveryDate\":null,\"promisedDeliveryDate\":[{\"bold\":false,\"color\":\"#008C00\",\"size\":14,\"text\":\"내일(금) \"},{\"bold\":false,\"color\":\"#008C00\",\"size\":14,\"text\":\"도착 보장\"}],\"promisedDeliveryDateExpressions\":{\"OVERNIGHT\":{\"cutOffDateUTC\":\"2025-11-20T12:00:00.000Z\",\"expressions\":[{\"bold\":false,\"color\":\"#008C00\",\"size\":14,\"text\":\"내일(금) 새벽 \"},{\"bold\":false,\"color\":\"#008C00\",\"size\":14,\"text\":\"도착 보장\"}],\"pddUTC\":\"2025-11-20T22:00:15.000Z\"},\"STANDARD\":{\"cutOffDateUTC\":\"2025-11-20T15:00:00.000Z\",\"expressions\":[{\"bold\":false,\"color\":\"#008C00\",\"size\":14,\"text\":\"내일(금) \"},{\"bold\":false,\"color\":\"#008C00\",\"size\":14,\"text\":\"도착 보장\"}],\"pddUTC\":\"2025-11-21T14:59:59.000Z\"}},\"dateInfo\":null,\"hasNewItem\":true,\"sponsored\":false,\"logging\":null,\"usedProductInfo\":null,\"usedProductPrice\":null,\"usedOnlyItem\":false,\"detailPriceInfos\":[{\"quantity\":1,\"priceType\":\"INSTANT_DISCOUNT\",\"price\":56870,\"priceWithDeliveryFee\":56870,\"discountType\":\"QUANTITY_BASED_FIXED\",\"discountRate\":4,\"priceBasedDiscountRate\":4,\"promotionBadgeTexts\":{},\"discountAmount\":2900,\"description\":\"할인\",\"unitPrice\":{\"amount\":1,\"extendedPrice\":{\"money\":{\"amount\":316,\"currency\":\"KRW\"},\"offset\":0},\"priceEx\":{\"amount\":316,\"currency\":\"KRW\"},\"unit\":\"정\"},\"unitPriceWithDeliveryFee\":{\"amount\":1,\"extendedPrice\":{\"money\":{\"amount\":316,\"currency\":\"KRW\"},\"offset\":0},\"priceEx\":null,\"unit\":\"정\"},\"eligibilityConditions\":{\"ROCKET_CLUB_STATUS\":[]},\"priceEx\":null,\"manageCode\":\"cmg_joint_dc_20251119_1_103047177_85692872372\",\"expiryDate\":1763691000000,\"membershipType\":null,\"paymentMethodId\":null,\"paymentMethodDescription\":null,\"cardIdentificationType\":null,\"cardBrand\":null,\"cardCode\":null,\"cardType\":null,\"i18nDiscountAmount\":{\"amount\":\"2900\",\"rawAmount\":2900,\"fractionDigits\":0,\"currency\":\"KRW\"},\"percentageDiscount\":false,\"i18nPrice\":{\"amount\":\"56870\",\"rawAmount\":56870,\"fractionDigits\":0,\"currency\":\"KRW\"},\"fixedDiscount\":false},{\"quantity\":1,\"priceType\":\"FINAL_PRICE\",\"price\":56870,\"priceWithDeliveryFee\":56870,\"discountType\":null,\"discountRate\":4,\"priceBasedDiscountRate\":4,\"promotionBadgeTexts\":{},\"discountAmount\":0,\"description\":\"할인\",\"unitPrice\":{\"amount\":1,\"extendedPrice\":{\"money\":{\"amount\":316,\"currency\":\"KRW\"},\"offset\":0},\"priceEx\":{\"amount\":316,\"currency\":\"KRW\"},\"unit\":\"정\"},\"unitPriceWithDeliveryFee\":{\"amount\":1,\"extendedPrice\":{\"money\":{\"amount\":316,\"currency\":\"KRW\"},\"offset\":0},\"priceEx\":null,\"unit\":\"정\"},\"eligibilityConditions\":{},\"priceEx\":null,\"manageCode\":null,\"expiryDate\":null,\"membershipType\":null,\"paymentMethodId\":null,\"paymentMethodDescription\":null,\"cardIdentificationType\":null,\"cardBrand\":null,\"cardCode\":null,\"cardType\":null,\"i18nDiscountAmount\":{\"amount\":\"0\",\"rawAmount\":0,\"fractionDigits\":0,\"currency\":\"KRW\"},\"percentageDiscount\":false,\"i18nPrice\":{\"amount\":\"56870\",\"rawAmount\":56870,\"fractionDigits\":0,\"currency\":\"KRW\"},\"fixedDiscount\":false},{\"quantity\":1,\"priceType\":\"DELIVERY_BUNDLE_REWARD_CASH\",\"price\":569,\"priceWithDeliveryFee\":0,\"discountType\":\"PERCENTAGE\",\"discountRate\":1,\"priceBasedDiscountRate\":null,\"promotionBadgeTexts\":{},\"discountAmount\":569,\"description\":\"쿠페이 머니 결제 시 1% 적립\",\"unitPrice\":null,\"unitPriceWithDeliveryFee\":null,\"eligibilityConditions\":{\"USER_BUDGET\":[\"10000\"],\"USER_BUDGET_I18N\":[\"{\\\"currencyCode\\\":\\\"KRW\\\",\\\"units\\\":10000,\\\"nanos\\\":0}\"]},\"priceEx\":null,\"manageCode\":\"COUPAY_MONEY_CASHBACK\",\"expiryDate\":4070962799000,\"membershipType\":null,\"paymentMethodId\":null,\"paymentMethodDescription\":null,\"cardIdentificationType\":null,\"cardBrand\":null,\"cardCode\":null,\"cardType\":null,\"i18nDiscountAmount\":{\"amount\":\"569\",\"rawAmount\":569,\"fractionDigits\":0,\"currency\":\"KRW\"},\"percentageDiscount\":true,\"i18nPrice\":{\"amount\":\"569\",\"rawAmount\":569,\"fractionDigits\":0,\"currency\":\"KRW\"},\"fixedDiscount\":false},{\"quantity\":1,\"priceType\":\"ANCHOR_PRICE\",\"price\":59770,\"priceWithDeliveryFee\":59770,\"discountType\":null,\"discountRate\":null,\"priceBasedDiscountRate\":null,\"promotionBadgeTexts\":{},\"discountAmount\":0,\"description\":\"쿠팡판매가\",\"unitPrice\":{\"amount\":1,\"extendedPrice\":{\"money\":{\"amount\":332,\"currency\":\"KRW\"},\"offset\":0},\"priceEx\":{\"amount\":332,\"currency\":\"KRW\"},\"unit\":\"정\"},\"unitPriceWithDeliveryFee\":{\"amount\":1,\"extendedPrice\":{\"money\":{\"amount\":332,\"currency\":\"KRW\"},\"offset\":0},\"priceEx\":null,\"unit\":\"정\"},\"eligibilityConditions\":{},\"priceEx\":null,\"manageCode\":null,\"expiryDate\":null,\"membershipType\":null,\"paymentMethodId\":null,\"paymentMethodDescription\":null,\"cardIdentificationType\":null,\"cardBrand\":null,\"cardCode\":null,\"cardType\":null,\"i18nDiscountAmount\":{\"amount\":\"0\",\"rawAmount\":0,\"fractionDigits\":0,\"currency\":\"KRW\"},\"percentageDiscount\":false,\"i18nPrice\":{\"amount\":\"59770\",\"rawAmount\":59770,\"fractionDigits\":0,\"currency\":\"KRW\"},\"fixedDiscount\":false},{\"quantity\":1,\"priceType\":\"GIFTING_REWARD_CASH\",\"price\":569,\"priceWithDeliveryFee\":0,\"discountType\":\"PERCENTAGE\",\"discountRate\":null,\"priceBasedDiscountRate\":null,\"promotionBadgeTexts\":{},\"discountAmount\":569,\"description\":\"로켓 선물하기 이용 시 1% 적립\",\"unitPrice\":null,\"unitPriceWithDeliveryFee\":null,\"eligibilityConditions\":{\"USER_BUDGET\":[\"50000\"],\"USER_BUDGET_I18N\":[\"{\\\"currencyCode\\\":\\\"KRW\\\",\\\"units\\\":50000,\\\"nanos\\\":0}\"]},\"priceEx\":null,\"manageCode\":\"cashback_gifting_1off\",\"expiryDate\":null,\"membershipType\":null,\"paymentMethodId\":null,\"paymentMethodDescription\":null,\"cardIdentificationType\":null,\"cardBrand\":null,\"cardCode\":null,\"cardType\":null,\"i18nDiscountAmount\":{\"amount\":\"569\",\"rawAmount\":569,\"fractionDigits\":0,\"currency\":\"KRW\"},\"percentageDiscount\":true,\"i18nPrice\":{\"amount\":\"569\",\"rawAmount\":569,\"fractionDigits\":0,\"currency\":\"KRW\"},\"fixedDiscount\":false},{\"quantity\":1,\"priceType\":\"SALES\",\"price\":59770,\"priceWithDeliveryFee\":59770,\"discountType\":null,\"discountRate\":null,\"priceBasedDiscountRate\":null,\"promotionBadgeTexts\":{},\"discountAmount\":0,\"description\":\"쿠팡판매가\",\"unitPrice\":{\"amount\":1,\"extendedPrice\":{\"money\":{\"amount\":332,\"currency\":\"KRW\"},\"offset\":0},\"priceEx\":{\"amount\":332,\"currency\":\"KRW\"},\"unit\":\"정\"},\"unitPriceWithDeliveryFee\":{\"amount\":1,\"extendedPrice\":{\"money\":{\"amount\":332,\"currency\":\"KRW\"},\"offset\":0},\"priceEx\":null,\"unit\":\"정\"},\"eligibilityConditions\":{},\"priceEx\":null,\"manageCode\":null,\"expiryDate\":null,\"membershipType\":null,\"paymentMethodId\":null,\"paymentMethodDescription\":null,\"cardIdentificationType\":null,\"cardBrand\":null,\"cardCode\":null,\"cardType\":null,\"i18nDiscountAmount\":{\"amount\":\"0\",\"rawAmount\":0,\"fractionDigits\":0,\"currency\":\"KRW\"},\"percentageDiscount\":false,\"i18nPrice\":{\"amount\":\"59770\",\"rawAmount\":59770,\"fractionDigits\":0,\"currency\":\"KRW\"},\"fixedDiscount\":false},{\"quantity\":1,\"priceType\":\"MONTHLY_PAYMENTS\",\"price\":56870,\"priceWithDeliveryFee\":0,\"discountType\":null,\"discountRate\":null,\"priceBasedDiscountRate\":null,\"promotionBadgeTexts\":{},\"discountAmount\":0,\"description\":null,\"unitPrice\":{\"amount\":6,\"extendedPrice\":{\"money\":{\"amount\":9480,\"currency\":\"KRW\"},\"offset\":0},\"priceEx\":{\"amount\":9480,\"currency\":\"KRW\"},\"unit\":\"개월\"},\"unitPriceWithDeliveryFee\":null,\"eligibilityConditions\":{},\"priceEx\":null,\"manageCode\":null,\"expiryDate\":null,\"membershipType\":null,\"paymentMethodId\":null,\"paymentMethodDescription\":null,\"cardIdentificationType\":null,\"cardBrand\":null,\"cardCode\":null,\"cardType\":null,\"i18nDiscountAmount\":{\"amount\":\"0\",\"rawAmount\":0,\"fractionDigits\":0,\"currency\":\"KRW\"},\"percentageDiscount\":false,\"i18nPrice\":{\"amount\":\"56870\",\"rawAmount\":56870,\"fractionDigits\":0,\"currency\":\"KRW\"},\"fixedDiscount\":false}],\"priceByMemberStatus\":{\"NOT_MEMBER\":[{\"quantity\":1,\"priceType\":\"INSTANT_DISCOUNT\",\"price\":56870,\"priceWithDeliveryFee\":56870,\"discountType\":\"QUANTITY_BASED_FIXED\",\"discountRate\":4,\"priceBasedDiscountRate\":4,\"promotionBadgeTexts\":{},\"discountAmount\":2900,\"description\":\"할인\",\"unitPrice\":{\"amount\":1,\"extendedPrice\":{\"money\":{\"amount\":316,\"currency\":\"KRW\"},\"offset\":0},\"priceEx\":{\"amount\":316,\"currency\":\"KRW\"},\"unit\":\"정\"},\"unitPriceWithDeliveryFee\":{\"amount\":1,\"extendedPrice\":{\"money\":{\"amount\":316,\"currency\":\"KRW\"},\"offset\":0},\"priceEx\":null,\"unit\":\"정\"},\"eligibilityConditions\":{\"ROCKET_CLUB_STATUS\":[]},\"priceEx\":null,\"manageCode\":\"cmg_joint_dc_20251119_1_103047177_85692872372\",\"expiryDate\":1763691000000,\"membershipType\":null,\"paymentMethodId\":null,\"paymentMethodDescription\":null,\"cardIdentificationType\":null,\"cardBrand\":null,\"cardCode\":null,\"cardType\":null,\"i18nDiscountAmount\":{\"amount\":\"2900\",\"rawAmount\":2900,\"fractionDigits\":0,\"currency\":\"KRW\"},\"percentageDiscount\":false,\"i18nPrice\":{\"amount\":\"56870\",\"rawAmount\":56870,\"fractionDigits\":0,\"currency\":\"KRW\"},\"fixedDiscount\":false},{\"quantity\":1,\"priceType\":\"FINAL_PRICE\",\"price\":56870,\"priceWithDeliveryFee\":56870,\"discountType\":null,\"discountRate\":4,\"priceBasedDiscountRate\":4,\"promotionBadgeTexts\":{},\"discountAmount\":0,\"description\":\"할인\",\"unitPrice\":{\"amount\":1,\"extendedPrice\":{\"money\":{\"amount\":316,\"currency\":\"KRW\"},\"offset\":0},\"priceEx\":{\"amount\":316,\"currency\":\"KRW\"},\"unit\":\"정\"},\"unitPriceWithDeliveryFee\":{\"amount\":1,\"extendedPrice\":{\"money\":{\"amount\":316,\"currency\":\"KRW\"},\"offset\":0},\"priceEx\":null,\"unit\":\"정\"},\"eligibilityConditions\":{},\"priceEx\":null,\"manageCode\":null,\"expiryDate\":null,\"membershipType\":null,\"paymentMethodId\":null,\"paymentMethodDescription\":null,\"cardIdentificationType\":null,\"cardBrand\":null,\"cardCode\":null,\"cardType\":null,\"i18nDiscountAmount\":{\"amount\":\"0\",\"rawAmount\":0,\"fractionDigits\":0,\"currency\":\"KRW\"},\"percentageDiscount\":false,\"i18nPrice\":{\"amount\":\"56870\",\"rawAmount\":56870,\"fractionDigits\":0,\"currency\":\"KRW\"},\"fixedDiscount\":false},{\"quantity\":1,\"priceType\":\"DELIVERY_BUNDLE_REWARD_CASH\",\"price\":569,\"priceWithDeliveryFee\":0,\"discountType\":\"PERCENTAGE\",\"discountRate\":1,\"priceBasedDiscountRate\":null,\"promotionBadgeTexts\":{},\"discountAmount\":569,\"description\":\"쿠페이 머니 결제 시 1% 적립\",\"unitPrice\":null,\"unitPriceWithDeliveryFee\":null,\"eligibilityConditions\":{\"USER_BUDGET\":[\"10000\"],\"USER_BUDGET_I18N\":[\"{\\\"currencyCode\\\":\\\"KRW\\\",\\\"units\\\":10000,\\\"nanos\\\":0}\"]},\"priceEx\":null,\"manageCode\":\"COUPAY_MONEY_CASHBACK\",\"expiryDate\":4070962799000,\"membershipType\":null,\"paymentMethodId\":null,\"paymentMethodDescription\":null,\"cardIdentificationType\":null,\"cardBrand\":null,\"cardCode\":null,\"cardType\":null,\"i18nDiscountAmount\":{\"amount\":\"569\",\"rawAmount\":569,\"fractionDigits\":0,\"currency\":\"KRW\"},\"percentageDiscount\":true,\"i18nPrice\":{\"amount\":\"569\",\"rawAmount\":569,\"fractionDigits\":0,\"currency\":\"KRW\"},\"fixedDiscount\":false},{\"quantity\":1,\"priceType\":\"ANCHOR_PRICE\",\"price\":59770,\"priceWithDeliveryFee\":59770,\"discountType\":null,\"discountRate\":null,\"priceBasedDiscountRate\":null,\"promotionBadgeTexts\":{},\"discountAmount\":0,\"description\":\"쿠팡판매가\",\"unitPrice\":{\"amount\":1,\"extendedPrice\":{\"money\":{\"amount\":332,\"currency\":\"KRW\"},\"offset\":0},\"priceEx\":{\"amount\":332,\"currency\":\"KRW\"},\"unit\":\"정\"},\"unitPriceWithDeliveryFee\":{\"amount\":1,\"extendedPrice\":{\"money\":{\"amount\":332,\"currency\":\"KRW\"},\"offset\":0},\"priceEx\":null,\"unit\":\"정\"},\"eligibilityConditions\":{},\"priceEx\":null,\"manageCode\":null,\"expiryDate\":null,\"membershipType\":null,\"paymentMethodId\":null,\"paymentMethodDescription\":null,\"cardIdentificationType\":null,\"cardBrand\":null,\"cardCode\":null,\"cardType\":null,\"i18nDiscountAmount\":{\"amount\":\"0\",\"rawAmount\":0,\"fractionDigits\":0,\"currency\":\"KRW\"},\"percentageDiscount\":false,\"i18nPrice\":{\"amount\":\"59770\",\"rawAmount\":59770,\"fractionDigits\":0,\"currency\":\"KRW\"},\"fixedDiscount\":false},{\"quantity\":1,\"priceType\":\"GIFTING_REWARD_CASH\",\"price\":569,\"priceWithDeliveryFee\":0,\"discountType\":\"PERCENTAGE\",\"discountRate\":null,\"priceBasedDiscountRate\":null,\"promotionBadgeTexts\":{},\"discountAmount\":569,\"description\":\"로켓 선물하기 이용 시 1% 적립\",\"unitPrice\":null,\"unitPriceWithDeliveryFee\":null,\"eligibilityConditions\":{\"USER_BUDGET\":[\"50000\"],\"USER_BUDGET_I18N\":[\"{\\\"currencyCode\\\":\\\"KRW\\\",\\\"units\\\":50000,\\\"nanos\\\":0}\"]},\"priceEx\":null,\"manageCode\":\"cashback_gifting_1off\",\"expiryDate\":null,\"membershipType\":null,\"paymentMethodId\":null,\"paymentMethodDescription\":null,\"cardIdentificationType\":null,\"cardBrand\":null,\"cardCode\":null,\"cardType\":null,\"i18nDiscountAmount\":{\"amount\":\"569\",\"rawAmount\":569,\"fractionDigits\":0,\"currency\":\"KRW\"},\"percentageDiscount\":true,\"i18nPrice\":{\"amount\":\"569\",\"rawAmount\":569,\"fractionDigits\":0,\"currency\":\"KRW\"},\"fixedDiscount\":false},{\"quantity\":1,\"priceType\":\"SALES\",\"price\":59770,\"priceWithDeliveryFee\":59770,\"discountType\":null,\"discountRate\":null,\"priceBasedDiscountRate\":null,\"promotionBadgeTexts\":{},\"discountAmount\":0,\"description\":\"쿠팡판매가\",\"unitPrice\":{\"amount\":1,\"extendedPrice\":{\"money\":{\"amount\":332,\"currency\":\"KRW\"},\"offset\":0},\"priceEx\":{\"amount\":332,\"currency\":\"KRW\"},\"unit\":\"정\"},\"unitPriceWithDeliveryFee\":{\"amount\":1,\"extendedPrice\":{\"money\":{\"amount\":332,\"currency\":\"KRW\"},\"offset\":0},\"priceEx\":null,\"unit\":\"정\"},\"eligibilityConditions\":{},\"priceEx\":null,\"manageCode\":null,\"expiryDate\":null,\"membershipType\":null,\"paymentMethodId\":null,\"paymentMethodDescription\":null,\"cardIdentificationType\":null,\"cardBrand\":null,\"cardCode\":null,\"cardType\":null,\"i18nDiscountAmount\":{\"amount\":\"0\",\"rawAmount\":0,\"fractionDigits\":0,\"currency\":\"KRW\"},\"percentageDiscount\":false,\"i18nPrice\":{\"amount\":\"59770\",\"rawAmount\":59770,\"fractionDigits\":0,\"currency\":\"KRW\"},\"fixedDiscount\":false},{\"quantity\":1,\"priceType\":\"MONTHLY_PAYMENTS\",\"price\":56870,\"priceWithDeliveryFee\":0,\"discountType\":null,\"discountRate\":null,\"priceBasedDiscountRate\":null,\"promotionBadgeTexts\":{},\"discountAmount\":0,\"description\":null,\"unitPrice\":{\"amount\":6,\"extendedPrice\":{\"money\":{\"amount\":9480,\"currency\":\"KRW\"},\"offset\":0},\"priceEx\":{\"amount\":9480,\"currency\":\"KRW\"},\"unit\":\"개월\"},\"unitPriceWithDeliveryFee\":null,\"eligibilityConditions\":{},\"priceEx\":null,\"manageCode\":null,\"expiryDate\":null,\"membershipType\":null,\"paymentMethodId\":null,\"paymentMethodDescription\":null,\"cardIdentificationType\":null,\"cardBrand\":null,\"cardCode\":null,\"cardType\":null,\"i18nDiscountAmount\":{\"amount\":\"0\",\"rawAmount\":0,\"fractionDigits\":0,\"currency\":\"KRW\"},\"percentageDiscount\":false,\"i18nPrice\":{\"amount\":\"56870\",\"rawAmount\":56870,\"fractionDigits\":0,\"currency\":\"KRW\"},\"fixedDiscount\":false}],\"MEMBER\":[{\"quantity\":1,\"priceType\":\"INSTANT_DISCOUNT\",\"price\":56870,\"priceWithDeliveryFee\":56870,\"discountType\":\"QUANTITY_BASED_FIXED\",\"discountRate\":4,\"priceBasedDiscountRate\":4,\"promotionBadgeTexts\":{},\"discountAmount\":2900,\"description\":\"할인\",\"unitPrice\":{\"amount\":1,\"extendedPrice\":{\"money\":{\"amount\":316,\"currency\":\"KRW\"},\"offset\":0},\"priceEx\":{\"amount\":316,\"currency\":\"KRW\"},\"unit\":\"정\"},\"unitPriceWithDeliveryFee\":{\"amount\":1,\"extendedPrice\":{\"money\":{\"amount\":316,\"currency\":\"KRW\"},\"offset\":0},\"priceEx\":null,\"unit\":\"정\"},\"eligibilityConditions\":{\"ROCKET_CLUB_STATUS\":[]},\"priceEx\":null,\"manageCode\":\"cmg_joint_dc_20251119_1_103047177_85692872372\",\"expiryDate\":1763691000000,\"membershipType\":null,\"paymentMethodId\":null,\"paymentMethodDescription\":null,\"cardIdentificationType\":null,\"cardBrand\":null,\"cardCode\":null,\"cardType\":null,\"i18nDiscountAmount\":{\"amount\":\"2900\",\"rawAmount\":2900,\"fractionDigits\":0,\"currency\":\"KRW\"},\"percentageDiscount\":false,\"i18nPrice\":{\"amount\":\"56870\",\"rawAmount\":56870,\"fractionDigits\":0,\"currency\":\"KRW\"},\"fixedDiscount\":false},{\"quantity\":1,\"priceType\":\"FINAL_PRICE\",\"price\":56870,\"priceWithDeliveryFee\":56870,\"discountType\":null,\"discountRate\":4,\"priceBasedDiscountRate\":4,\"promotionBadgeTexts\":{},\"discountAmount\":0,\"description\":\"할인\",\"unitPrice\":{\"amount\":1,\"extendedPrice\":{\"money\":{\"amount\":316,\"currency\":\"KRW\"},\"offset\":0},\"priceEx\":{\"amount\":316,\"currency\":\"KRW\"},\"unit\":\"정\"},\"unitPriceWithDeliveryFee\":{\"amount\":1,\"extendedPrice\":{\"money\":{\"amount\":316,\"currency\":\"KRW\"},\"offset\":0},\"priceEx\":null,\"unit\":\"정\"},\"eligibilityConditions\":{},\"priceEx\":null,\"manageCode\":null,\"expiryDate\":null,\"membershipType\":null,\"paymentMethodId\":null,\"paymentMethodDescription\":null,\"cardIdentificationType\":null,\"cardBrand\":null,\"cardCode\":null,\"cardType\":null,\"i18nDiscountAmount\":{\"amount\":\"0\",\"rawAmount\":0,\"fractionDigits\":0,\"currency\":\"KRW\"},\"percentageDiscount\":false,\"i18nPrice\":{\"amount\":\"56870\",\"rawAmount\":56870,\"fractionDigits\":0,\"currency\":\"KRW\"},\"fixedDiscount\":false},{\"quantity\":1,\"priceType\":\"DELIVERY_BUNDLE_REWARD_CASH\",\"price\":569,\"priceWithDeliveryFee\":0,\"discountType\":\"PERCENTAGE\",\"discountRate\":1,\"priceBasedDiscountRate\":null,\"promotionBadgeTexts\":{},\"discountAmount\":569,\"description\":\"쿠페이 머니 결제 시 1% 적립\",\"unitPrice\":null,\"unitPriceWithDeliveryFee\":null,\"eligibilityConditions\":{\"USER_BUDGET\":[\"10000\"],\"USER_BUDGET_I18N\":[\"{\\\"currencyCode\\\":\\\"KRW\\\",\\\"units\\\":10000,\\\"nanos\\\":0}\"]},\"priceEx\":null,\"manageCode\":\"COUPAY_MONEY_CASHBACK\",\"expiryDate\":4070962799000,\"membershipType\":null,\"paymentMethodId\":null,\"paymentMethodDescription\":null,\"cardIdentificationType\":null,\"cardBrand\":null,\"cardCode\":null,\"cardType\":null,\"i18nDiscountAmount\":{\"amount\":\"569\",\"rawAmount\":569,\"fractionDigits\":0,\"currency\":\"KRW\"},\"percentageDiscount\":true,\"i18nPrice\":{\"amount\":\"569\",\"rawAmount\":569,\"fractionDigits\":0,\"currency\":\"KRW\"},\"fixedDiscount\":false},{\"quantity\":1,\"priceType\":\"ROCKET_WOW_COUPAY_MONEY_REWARD_CASH\",\"price\":2275,\"priceWithDeliveryFee\":0,\"discountType\":\"PERCENTAGE\",\"discountRate\":4,\"priceBasedDiscountRate\":null,\"promotionBadgeTexts\":{},\"discountAmount\":2275,\"description\":\"[로켓와우 + 쿠페이 머니] 결제 시 4% 추가적립\",\"unitPrice\":null,\"unitPriceWithDeliveryFee\":null,\"eligibilityConditions\":{\"USER_BUDGET\":[\"40000\"],\"ELIGIBILITY_DAYS\":[\"30\"],\"USER_BUDGET_I18N\":[\"{\\\"currencyCode\\\":\\\"KRW\\\",\\\"units\\\":40000,\\\"nanos\\\":0}\"]},\"priceEx\":null,\"manageCode\":\"ROCKETWOW_COUPAY_MONEY_CASHBACK_JUN2019\",\"expiryDate\":1930003200000,\"membershipType\":null,\"paymentMethodId\":null,\"paymentMethodDescription\":null,\"cardIdentificationType\":null,\"cardBrand\":null,\"cardCode\":null,\"cardType\":null,\"i18nDiscountAmount\":{\"amount\":\"2275\",\"rawAmount\":2275,\"fractionDigits\":0,\"currency\":\"KRW\"},\"percentageDiscount\":true,\"i18nPrice\":{\"amount\":\"2275\",\"rawAmount\":2275,\"fractionDigits\":0,\"currency\":\"KRW\"},\"fixedDiscount\":false},{\"quantity\":1,\"priceType\":\"ROCKET_WOW_COUPAY_BANK_REWARD_CASH\",\"price\":1137,\"priceWithDeliveryFee\":0,\"discountType\":\"PERCENTAGE\",\"discountRate\":2,\"priceBasedDiscountRate\":null,\"promotionBadgeTexts\":{},\"discountAmount\":1137,\"description\":\"[로켓와우 + 쿠페이 계좌이체] 결제 시 2% 적립\",\"unitPrice\":null,\"unitPriceWithDeliveryFee\":null,\"eligibilityConditions\":{\"USER_BUDGET\":[\"20000\"],\"ELIGIBILITY_DAYS\":[\"30\"],\"USER_BUDGET_I18N\":[\"{\\\"currencyCode\\\":\\\"KRW\\\",\\\"units\\\":20000,\\\"nanos\\\":0}\"]},\"priceEx\":null,\"manageCode\":\"ROCKETWOW_COUPAY_BANK_CASHBACK_JUN2019\",\"expiryDate\":1930003200000,\"membershipType\":null,\"paymentMethodId\":null,\"paymentMethodDescription\":null,\"cardIdentificationType\":null,\"cardBrand\":null,\"cardCode\":null,\"cardType\":null,\"i18nDiscountAmount\":{\"amount\":\"1137\",\"rawAmount\":1137,\"fractionDigits\":0,\"currency\":\"KRW\"},\"percentageDiscount\":true,\"i18nPrice\":{\"amount\":\"1137\",\"rawAmount\":1137,\"fractionDigits\":0,\"currency\":\"KRW\"},\"fixedDiscount\":false},{\"quantity\":1,\"priceType\":\"ANCHOR_PRICE\",\"price\":59770,\"priceWithDeliveryFee\":59770,\"discountType\":null,\"discountRate\":null,\"priceBasedDiscountRate\":null,\"promotionBadgeTexts\":{},\"discountAmount\":0,\"description\":\"쿠팡판매가\",\"unitPrice\":{\"amount\":1,\"extendedPrice\":{\"money\":{\"amount\":332,\"currency\":\"KRW\"},\"offset\":0},\"priceEx\":{\"amount\":332,\"currency\":\"KRW\"},\"unit\":\"정\"},\"unitPriceWithDeliveryFee\":{\"amount\":1,\"extendedPrice\":{\"money\":{\"amount\":332,\"currency\":\"KRW\"},\"offset\":0},\"priceEx\":null,\"unit\":\"정\"},\"eligibilityConditions\":{},\"priceEx\":null,\"manageCode\":null,\"expiryDate\":null,\"membershipType\":null,\"paymentMethodId\":null,\"paymentMethodDescription\":null,\"cardIdentificationType\":null,\"cardBrand\":null,\"cardCode\":null,\"cardType\":null,\"i18nDiscountAmount\":{\"amount\":\"0\",\"rawAmount\":0,\"fractionDigits\":0,\"currency\":\"KRW\"},\"percentageDiscount\":false,\"i18nPrice\":{\"amount\":\"59770\",\"rawAmount\":59770,\"fractionDigits\":0,\"currency\":\"KRW\"},\"fixedDiscount\":false},{\"quantity\":1,\"priceType\":\"GIFTING_REWARD_CASH\",\"price\":569,\"priceWithDeliveryFee\":0,\"discountType\":\"PERCENTAGE\",\"discountRate\":null,\"priceBasedDiscountRate\":null,\"promotionBadgeTexts\":{},\"discountAmount\":569,\"description\":\"로켓 선물하기 이용 시 1% 적립\",\"unitPrice\":null,\"unitPriceWithDeliveryFee\":null,\"eligibilityConditions\":{\"USER_BUDGET\":[\"50000\"],\"USER_BUDGET_I18N\":[\"{\\\"currencyCode\\\":\\\"KRW\\\",\\\"units\\\":50000,\\\"nanos\\\":0}\"]},\"priceEx\":null,\"manageCode\":\"cashback_gifting_1off\",\"expiryDate\":null,\"membershipType\":null,\"paymentMethodId\":null,\"paymentMethodDescription\":null,\"cardIdentificationType\":null,\"cardBrand\":null,\"cardCode\":null,\"cardType\":null,\"i18nDiscountAmount\":{\"amount\":\"569\",\"rawAmount\":569,\"fractionDigits\":0,\"currency\":\"KRW\"},\"percentageDiscount\":true,\"i18nPrice\":{\"amount\":\"569\",\"rawAmount\":569,\"fractionDigits\":0,\"currency\":\"KRW\"},\"fixedDiscount\":false},{\"quantity\":1,\"priceType\":\"SALES\",\"price\":59770,\"priceWithDeliveryFee\":59770,\"discountType\":null,\"discountRate\":null,\"priceBasedDiscountRate\":null,\"promotionBadgeTexts\":{},\"discountAmount\":0,\"description\":\"쿠팡판매가\",\"unitPrice\":{\"amount\":1,\"extendedPrice\":{\"money\":{\"amount\":332,\"currency\":\"KRW\"},\"offset\":0},\"priceEx\":{\"amount\":332,\"currency\":\"KRW\"},\"unit\":\"정\"},\"unitPriceWithDeliveryFee\":{\"amount\":1,\"extendedPrice\":{\"money\":{\"amount\":332,\"currency\":\"KRW\"},\"offset\":0},\"priceEx\":null,\"unit\":\"정\"},\"eligibilityConditions\":{},\"priceEx\":null,\"manageCode\":null,\"expiryDate\":null,\"membershipType\":null,\"paymentMethodId\":null,\"paymentMethodDescription\":null,\"cardIdentificationType\":null,\"cardBrand\":null,\"cardCode\":null,\"cardType\":null,\"i18nDiscountAmount\":{\"amount\":\"0\",\"rawAmount\":0,\"fractionDigits\":0,\"currency\":\"KRW\"},\"percentageDiscount\":false,\"i18nPrice\":{\"amount\":\"59770\",\"rawAmount\":59770,\"fractionDigits\":0,\"currency\":\"KRW\"},\"fixedDiscount\":false},{\"quantity\":1,\"priceType\":\"MONTHLY_PAYMENTS\",\"price\":56870,\"priceWithDeliveryFee\":0,\"discountType\":null,\"discountRate\":null,\"priceBasedDiscountRate\":null,\"promotionBadgeTexts\":{},\"discountAmount\":0,\"description\":null,\"unitPrice\":{\"amount\":6,\"extendedPrice\":{\"money\":{\"amount\":9480,\"currency\":\"KRW\"},\"offset\":0},\"priceEx\":{\"amount\":9480,\"currency\":\"KRW\"},\"unit\":\"개월\"},\"unitPriceWithDeliveryFee\":null,\"eligibilityConditions\":{},\"priceEx\":null,\"manageCode\":null,\"expiryDate\":null,\"membershipType\":null,\"paymentMethodId\":null,\"paymentMethodDescription\":null,\"cardIdentificationType\":null,\"cardBrand\":null,\"cardCode\":null,\"cardType\":null,\"i18nDiscountAmount\":{\"amount\":\"0\",\"rawAmount\":0,\"fractionDigits\":0,\"currency\":\"KRW\"},\"percentageDiscount\":false,\"i18nPrice\":{\"amount\":\"56870\",\"rawAmount\":56870,\"fractionDigits\":0,\"currency\":\"KRW\"},\"fixedDiscount\":false}]},\"paymentMethodPricesByMemberStatus\":{},\"paymentMethodPrices\":[],\"showWowPrice\":false,\"properties\":{\"AUTO_CANCELED\":\"APPROVAL_CANCEL\",\"ROCKET_FOR_MERCHANT\":\"true\",\"OVERSEAS_PURCHASED\":\"false\",\"SEPARATE_REFUND_POLICY\":\"false\",\"PERSONAL_INFORMATION_USE_AGREE\":\"false\",\"TAX_TYPE\":\"TAX\",\"BEST_PRICE_GUARANTEED_3P\":\"false\",\"IS_PCC_NEEDED\":\"false\",\"SEVEN_REFUND_AGREE\":\"false\",\"PRODUCED_DATE\":\"\",\"CANCEL_BUTTON_SHOWED\":\"false\",\"PARALLEL_IMPORTED\":\"false\",\"RETURN_CONFIGURATION\":\"{\\\"NEW\\\":\\\"RESELL\\\",\\\"USED\\\":\\\"RETURN\\\"}\",\"EXTRA_INFO_LABEL_EX\":\"{\\\"ko_KR\\\":\\\"\\\"}\",\"ROCKET_MERCHANT_STATUS\":\"NORMAL\",\"EXPIRED_DATE\":\"2027-06-12\",\"PRINT_BUTTON_SHOWED\":\"true\",\"IS_IMPORT_AGENCY\":\"false\",\"MANUFACTURED_DATE\":\"2025-06-13\",\"ORIGIN_VENDOR_ITEM_VALID\":\"true\",\"OFFER_CONDITION\":\"NEW\",\"ORIGINAL_PRICE_FOR_RETAIL\":\"0\",\"ORIGINAL_PRICE_FOR_RETAIL_I18N\":\"{\\\"currencyCode\\\":\\\"KRW\\\",\\\"units\\\":0,\\\"nanos\\\":0}\",\"FRONT_CANCELABLE\":\"true\",\"EXTRA_INFO_LABEL\":\"\",\"THIRD_PARTY_AGREE\":\"true\",\"REMOTE_AREA_DELIVERABLE\":\"true\",\"ROCKET_MERCHANT_VERSION\":\"v2.0\",\"PURCHASED_BEFORE\":\"false\",\"COLD_START\":\"false\",\"RANK_BEFORE_COLD_START_BOOST\":\"0\",\"OFFER_CONDITION_V2\":\"NEW\"},\"itemAttributes\":{\"7347\":{\"expose\":false,\"id\":7347,\"name\":\"건강식품 사용대상\",\"value\":\"범용\",\"valueWithUnit\":\"범용\",\"weight\":5,\"unitDescription\":\"없음\"},\"7652\":{\"expose\":true,\"id\":7652,\"name\":\"수량\",\"value\":\"3\",\"valueWithUnit\":\"3개\",\"weight\":2,\"unitDescription\":\"개\"},\"10573\":{\"expose\":false,\"id\":10573,\"name\":\"건강식품 타입\",\"value\":\"알약/캡슐\",\"valueWithUnit\":\"알약/캡슐\",\"weight\":4,\"unitDescription\":\"없음\"},\"11024\":{\"expose\":false,\"id\":11024,\"name\":\"기능별 영양제\",\"value\":\"해당없음\",\"valueWithUnit\":\"해당없음\",\"weight\":18,\"unitDescription\":\"없음\"},\"12293\":{\"expose\":false,\"id\":12293,\"name\":\"총 캡슐/정 수량\",\"value\":\"180\",\"valueWithUnit\":\"180정\",\"weight\":6,\"unitDescription\":\"정\"},\"12546\":{\"expose\":false,\"id\":12546,\"name\":\"건강기능식품\",\"value\":\"인증 있음\",\"valueWithUnit\":\"인증 있음\",\"weight\":15,\"unitDescription\":\"없음\"},\"12746\":{\"expose\":false,\"id\":12746,\"name\":\"유산균 종류\",\"value\":\"신바이오틱스\",\"valueWithUnit\":\"신바이오틱스\",\"weight\":7,\"unitDescription\":\"없음\"},\"12747\":{\"expose\":false,\"id\":12747,\"name\":\"유산균 특징\",\"value\":\"여성유산균\",\"valueWithUnit\":\"여성유산균\",\"weight\":8,\"unitDescription\":\"없음\"},\"14264\":{\"expose\":true,\"id\":14264,\"name\":\"개당 캡슐/정\",\"value\":\"60\",\"valueWithUnit\":\"60정\",\"weight\":1,\"unitDescription\":\"정\"}},\"adhocProperties\":{},\"divisionType\":\"GOODS\",\"offerAttribute\":null,\"badgeReorder\":false,\"soldOutReason\":null,\"purchasedCount\":null,\"lastPurchasedDateUTC\":null,\"warrantyService\":{\"warrantyMonth\":0,\"available\":false},\"brandInfoList\":[{\"shopAvailable\":false,\"properties\":null,\"name\":\"뉴네이처\",\"logoImagePath\":\"brandLogo/brandLogo_224e88ff-4462-4c51-b722-cb27a2849eb9.PNG\",\"id\":51332,\"description\":\"뉴네이처\",\"luxuryBrand\":false,\"farfetchBrand\":false,\"brandTier\":null,\"officialBrandName\":\"뉴네이처\",\"tier1\":false,\"tier2\":false,\"tier3\":false,\"bothFashionBeauty\":false,\"brandShopLink\":null,\"farfetchBrandShopLink\":null,\"brandKeywordBannerRluxMainImage\":null,\"brandKeywordBannerFarfetchMainImage\":null,\"brandWhiteLogo\":null}],\"freebie\":null,\"wowMember\":false,\"memberDto\":{\"loyaltyMemberId\":null,\"loyaltyMemberStatus\":\"UNKNOWN\",\"rocketWowEligible\":true,\"profilingSegments\":[],\"acquirerCode\":null,\"creditCardHistoryIn90Day\":null,\"agreeCollect\":false,\"studentStatus\":null,\"membershipBenefits\":[{\"type\":\"CARD_ISSUANCE.WOW\",\"attribute\":null,\"granted\":true},{\"type\":\"CASHBACK.BASIC\",\"attribute\":null,\"granted\":false},{\"type\":\"EATS\",\"attribute\":null,\"granted\":false},{\"type\":\"FAST_DELIVERY.DAWN\",\"attribute\":null,\"granted\":false},{\"type\":\"FAST_DELIVERY.PDD\",\"attribute\":null,\"granted\":false},{\"type\":\"FAST_DELIVERY.SAME_DAY\",\"attribute\":null,\"granted\":false},{\"type\":\"FREE_RETURN.FARFETCH\",\"attribute\":null,\"granted\":false},{\"type\":\"FREE_RETURN.JIKGU\",\"attribute\":null,\"granted\":false},{\"type\":\"FREE_RETURN.OTHERS\",\"attribute\":null,\"granted\":false},{\"type\":\"FREE_RETURN.ROCKET\",\"attribute\":null,\"granted\":false},{\"type\":\"FREE_SHIPPING.FARFETCH\",\"attribute\":null,\"granted\":true},{\"type\":\"FREE_SHIPPING.JIKGU\",\"attribute\":null,\"granted\":false},{\"type\":\"FREE_SHIPPING.OTHERS\",\"attribute\":null,\"granted\":false},{\"type\":\"FREE_SHIPPING.ROCKET\",\"attribute\":null,\"granted\":false},{\"type\":\"MEMBERSHIP_ENABLEMENT.WOW\",\"attribute\":null,\"granted\":false},{\"type\":\"MEMBERSHIP_PERIOD.WOW\",\"attribute\":null,\"granted\":true},{\"type\":\"MEMBERSHIP_PRICE.WOW\",\"attribute\":null,\"granted\":true},{\"type\":\"PLAY\",\"attribute\":null,\"granted\":false},{\"type\":\"PURCHASE.FRESH\",\"attribute\":null,\"granted\":false},{\"type\":\"SIGNUP_PROMOTION.PPC_PROMOTION\",\"attribute\":null,\"granted\":true},{\"type\":\"SIGNUP_PROMOTION.PPD_PROMOTION\",\"attribute\":null,\"granted\":true},{\"type\":\"SIGNUP_PROMOTION.WELCOME_PROMOTION\",\"attribute\":null,\"granted\":true},{\"type\":\"WOW_PRICE.BASIC\",\"attribute\":null,\"granted\":false},{\"type\":\"WOW_PRICE.BEST_PRICE\",\"attribute\":null,\"granted\":false},{\"type\":\"WOW_PRICE.EXCLUSIVE_PRICE\",\"attribute\":null,\"granted\":false},{\"type\":\"WOW_PRICE.TIME_DISCOUNT\",\"attribute\":null,\"granted\":false},{\"type\":\"WOW_PRICE.TRAVEL_DISCOUNT\",\"attribute\":null,\"granted\":false},{\"type\":\"WOW_PRICE.WOW_CCID\",\"attribute\":null,\"granted\":false},{\"type\":\"WOW_PRICE.WOW_DISCOUNT\",\"attribute\":null,\"granted\":false},{\"type\":\"WOW_PRICE.WOW_ONLY_COUPON\",\"attribute\":null,\"granted\":false}],\"memberPaymentDto\":{\"activeOptionAcquirerCode\":null,\"activeOptionExist\":false,\"activeOptionCardType\":null,\"activeOptionPayType\":null,\"activeOptionCardBrandCode\":null,\"activeOptionCardIdentificationType\":null,\"activeOptionPartnerBrand\":null},\"rocketWowMember\":false,\"nonPseudoRocketWowMember\":false,\"pseudoMember\":false},\"categoryId\":8541,\"remoteShippingFeeChargeable\":false,\"adult\":false,\"rocketDelivery\":false,\"freeDelivery\":false,\"directUse\":false,\"freeOver9800Delivery\":false,\"i18nCouponPrice\":{\"amount\":\"56870\",\"rawAmount\":56870,\"fractionDigits\":0,\"currency\":\"KRW\"},\"subscriptionDelivery\":false,\"subscriptionPromotion\":false,\"globalDelivery\":false,\"i18nOriginalPrice\":{\"amount\":\"0\",\"rawAmount\":0,\"fractionDigits\":0,\"currency\":\"KRW\"},\"i18nSubscriptionPrice\":null,\"couPick\":false,\"i18nSalesPrice\":{\"amount\":\"59770\",\"rawAmount\":59770,\"fractionDigits\":0,\"currency\":\"KRW\"},\"i18nMinPrice\":null,\"i18nSubscribeCouponPrice\":null},\"legacyProductId\":4655398482,\"bestArea\":{\"sequence\":-1,\"show\":false},\"imageAndTitleArea\":{\"description\":\"\",\"title\":\"뉴네이처 바이탈 프리미엄 프로바이오틱스 유산균, 60정, 3개\",\"travelUrl\":\"\",\"defaultUrl\":\"//thumbnail.coupangcdn.com/thumbnails/remote/230x230ex/image/vendor_inventory/65f7/3487847b874a785eba66f1f6f70140e2eba3fffd3c7d483260b4f12e86d3.jpg\",\"oriDefaultUrl\":\"vendor_inventory/65f7/3487847b874a785eba66f1f6f70140e2eba3fffd3c7d483260b4f12e86d3.jpg\",\"oriTravelUrl\":\"\",\"oriLocalUrl\":\"\",\"localUrl\":\"\",\"thumbnailUrl\":null,\"isWideImage\":false,\"wideImageUrl\":\"\"},\"priceArea\":{\"originalPrice\":\"59,770\",\"salesPrice\":\"56,870\",\"lowestPrice\":null,\"instantDiscountPrice\":\"56,870\",\"criteriaPriceInfo\":\"\",\"basePrice\":\"59,770\",\"price\":\"56,870\",\"discountRate\":4,\"instantDiscountDescription\":\"할인\",\"shippingFeeDescription\":null,\"showInstantDiscountDescription\":true,\"discountCountDownText\":null,\"discountExpireTime\":null,\"badDiscount\":false,\"i18nOriginalPrice\":{\"amount\":\"59770\",\"rawAmount\":null,\"fractionDigits\":0,\"currency\":\"KRW\"},\"i18nLowestPrice\":null,\"i18nSalesPrice\":{\"amount\":\"56870\",\"rawAmount\":null,\"fractionDigits\":0,\"currency\":\"KRW\"},\"i18nPrice\":{\"amount\":\"56870\",\"rawAmount\":null,\"fractionDigits\":0,\"currency\":\"KRW\"},\"discount\":true,\"instantDiscount\":true,\"i18nBasePrice\":{\"amount\":\"59770\",\"rawAmount\":null,\"fractionDigits\":0,\"currency\":\"KRW\"},\"i18nInstantDiscountPrice\":{\"amount\":\"56870\",\"rawAmount\":null,\"fractionDigits\":0,\"currency\":\"KRW\"}},\"subscriptionPriceArea\":null,\"snsDiscountRate\":-1,\"wowOnlyInstantDiscountRate\":-1,\"bundlePriceArea\":{\"price\":\"316\",\"cnt\":\"1\",\"unitDescription\":\"정\",\"i18nPrice\":{\"amount\":\"316\",\"rawAmount\":null,\"fractionDigits\":0,\"currency\":\"KRW\"}},\"instantDiscountBundlePriceArea\":{\"price\":\"316\",\"cnt\":\"1\",\"unitDescription\":\"정\",\"i18nPrice\":{\"amount\":\"316\",\"rawAmount\":null,\"fractionDigits\":0,\"currency\":\"KRW\"}},\"buyCntArea\":{\"buyCntInBest50\":\"\",\"buyCnt\":\"\",\"showOriginalCnt\":false,\"premium\":false,\"showCnt\":false},\"soldoutArea\":{\"soldOutText\":\"품절\",\"soldout\":false},\"priceTagArea\":{\"css\":\"prod-type discounted-price\",\"title\":\"할인\",\"discountRate\":\"\"},\"labelArea\":{\"labelAreaContents\":[],\"todayClose\":false},\"badgeArea\":{\"badgeAreaContents\":[]},\"useDateArea\":null,\"uniqueMessageArea\":{\"uniqueMessage\":{\"description\":\"\",\"messages\":[{\"text\":\"\",\"emphasis\":false}]}},\"gaDataArea\":{\"category\":\"\",\"action\":\"\",\"label\":\"\",\"value\":0},\"rocketArea\":{\"badgeImage\":{\"iconUrl\":\"https://image.coupangcdn.com/image/rds/delivery_badge_ext/badge_199559e56f7.png\",\"iconWidth\":106,\"iconHeight\":16},\"show\":true},\"globalArea\":{\"badgeImage\":null,\"countryName\":null,\"show\":false},\"productArea\":{\"product\":true},\"cashBackArea\":{\"iconUrl\":\"https://image.coupangcdn.com/image/badges/cashback/web/list-cash-icon@2x.png\",\"cashRewardText\":\"최대 2,844원 적립\"},\"bestAward\":null,\"ccidEligible\":false,\"ccidArea\":null,\"stampImageInfo\":null,\"cornerTagArea\":null,\"link\":\"/vp/products/4655398482?itemId=7827453852\u0026vendorItemId=85692872372\u0026sourceType=SDW_TOP_SELLING_WIDGET_V2\u0026searchId=1a76afe61280463\u0026q=유산균\",\"sequence\":6,\"reviewArea\":{\"ratingAverage\":4.5,\"ratingCount\":10460,\"ratingRatio\":90},\"deadLineArea\":{\"almostSoldOut\":false,\"deadLineApproach\":false},\"bestPriceArea\":null,\"topBrandArea\":null,\"bizOnlyArea\":null,\"couPickArea\":null,\"attributeCount\":0,\"attributeName\":\"\",\"packageType\":null,\"productCount\":null,\"vendorItemId\":85692872372,\"benefitBadgeArea\":{\"badgeAreaContents\":[]},\"deliveryBadgeArea\":{\"badgeAreaContents\":[]},\"deliverySpeedBadgeArea\":null,\"subscriptionBundlePriceArea\":null,\"bestSellerBadgeArea\":null,\"rocketFreeShippingBadge\":null,\"promisedDeliveryDateArea\":{\"contents\":[{\"text\":\"내일(금) \",\"size\":14,\"color\":\"#008C00\",\"bold\":false},{\"text\":\"도착 보장\",\"size\":14,\"color\":\"#008C00\",\"bold\":false}],\"deliveryType\":null,\"deliveryBadgeImage\":null,\"notEmpty\":true},\"shippingInfoArea\":null,\"eligibleFalconArea\":null,\"usedProductArea\":{\"usedProductInfo\":null,\"usedProductPrice\":null,\"usedOnlyItem\":false,\"notDisplay\":false},\"adBadgeArea\":{\"sponsored\":false,\"adzerkLog\":null,\"showSeparator\":false},\"preOrder\":null,\"bundleOptionArea\":null,\"lowStockArea\":null,\"ranking\":null,\"couponNudgeText\":null,\"couponNudgeStyle\":null,\"couponTagArea\":null,\"ab56922IsB\":false,\"ab56923IsB\":false,\"ab92528SrpIsB\":false,\"ab92528PlpIsB\":false,\"badgeReorder\":false,\"luxuryBrandAuthenticityArea\":null,\"luxuryNudgeText\":null,\"fePricingCxType\":null,\"handymanArea\":null,\"lastPurchaseArea\":null,\"rluxBrandNameArea\":{\"show\":false,\"badgeImage\":null,\"brandName\":null,\"rluxAuthText\":null},\"adjustSpacingTarget\":false,\"hideArriveInfo\":false,\"emptyCcidAndCashback\":false,\"isRlux\":false,\"isFarfetch\":false,\"properties\":{\"promiseDeliveryDate\":\"내일(금) 도착 보장\",\"extendPdd\":false,\"remoteAreaShippingFeeBadge\":\"False\"},\"badges\":null,\"useBadges\":false,\"sponsored\":false,\"collection\":false,\"underGlobalThreshold\":false,\"showPipe\":false,\"showQuickView\":true,\"isCeCategory\":false},{\"index\":{\"legacyProductId\":{\"legacyProductId\":5222670398,\"itemId\":1087807},\"salesPrice\":50770,\"itemId\":1087807,\"componentIds\":[],\"subscriptionPrice\":null,\"subscriptionDiscountRate\":null,\"originalSubscriptionDiscountRate\":null,\"subscriptionVendorItemId\":null,\"vendors\":[{\"id\":\"C00051747\",\"countryCode\":\"US\",\"countryName\":\"미국\"}],\"title\":\"재로우 사카로미세스 보울라디 + MOS 유산균 베지 캡, 180정, 1개\",\"productTitle\":\"재로우 사카로미세스 보울라디 + MOS 유산균 베지 캡, 180정, 1개\",\"alternativeTitle\":\"재로우 사카로미세스 보울라디 + MOS 유산균 베지 캡\",\"imageUrl\":\"vendor_inventory/173d/c22769c28a57371119cddff167b61db3a926f001bf9338b8bf04348a67d8.jpg\",\"imageMainUrl\":\"vendor_inventory/173d/c22769c28a57371119cddff167b61db3a926f001bf9338b8bf04348a67d8.jpg\",\"deliveryType\":\"FREE\",\"deliveryInfo\":{\"remoteAreaDeliverable\":true,\"remoteArea\":null,\"outboundShippingTime\":24,\"outboundShippingPlaceId\":6,\"logisticType\":\"MERCHANT\",\"isLogistics\":false,\"freeShipOverAmountEx\":{\"currency\":\"KRW\",\"amount\":29800},\"finalFreeShipOverAmountEx\":{\"currency\":\"KRW\",\"amount\":29800},\"deliveryType\":\"FAST\",\"deliveryMethod\":\"AGENT_BUY\",\"deliveryCompanyName\":\"쿠팡로지스틱스\",\"deliveryCompanyCode\":\"CLS\",\"deliveryChargeOnReturnEx\":{\"currency\":\"KRW\",\"amount\":0},\"deliveryChargeEx\":{\"currency\":\"KRW\",\"amount\":2500},\"batchShipment\":true},\"minPrice\":null,\"originalPrice\":59350,\"discountRate\":23,\"linkcodes\":[],\"sellingStatusType\":null,\"attributeCount\":0,\"attributeName\":null,\"productType\":\"PRODUCT\",\"itemImages\":null,\"defaultExposure\":false,\"trackingCodeMain\":null,\"trackingCodeSub\":null,\"reviewRatingAverage\":5,\"reviewRatingCount\":8273,\"sectionContent\":null,\"hasUnitPriceInfo\":false,\"unitPriceInfo\":null,\"latLngs\":null,\"categoryBestIds\":null,\"debugInfo\":null,\"packageType\":null,\"bestPrice\":false,\"rocketWow\":false,\"rocketFresh\":false,\"pricePrefix\":\"할인\",\"priceDescription\":null,\"discountedDescription\":\"할인\",\"couponPrice\":45690,\"subscribeCouponPrice\":null,\"unitPrice\":{\"amount\":1,\"extendedPrice\":{\"money\":{\"amount\":254,\"currency\":\"KRW\"},\"offset\":0},\"priceEx\":{\"amount\":254,\"currency\":\"KRW\"},\"unit\":\"정\"},\"subscribeUnitPrice\":null,\"badges\":[{\"attributeByKey\":{},\"id\":\"FREE_SHIPPING\",\"text\":\"무료배송\",\"type\":\"SHIPPINGTYPE\"},{\"attributeByKey\":{},\"id\":\"ROCKET_CASH_REWARD\",\"text\":\"최대 2,285원 적립\",\"type\":\"ROCKET_REWARD\"},{\"attributeByKey\":{},\"id\":\"COUPANG_GLOBAL\",\"text\":null,\"type\":\"SHIPPINGTYPE\"}],\"brands\":[\"재로우\"],\"brandIds\":[\"4302\"],\"benefits\":null,\"subscribeBenefits\":null,\"falconDeliveryType\":null,\"falconDeliveryDate\":null,\"promisedDeliveryDate\":[{\"bold\":false,\"color\":\"#212B36\",\"size\":14,\"text\":\"11/23(일) \"},{\"bold\":false,\"color\":\"#212B36\",\"size\":14,\"text\":\"도착 예정\"}],\"promisedDeliveryDateExpressions\":{\"STANDARD\":{\"cutOffDateUTC\":\"1970-01-01T00:00:00.000Z\",\"expressions\":[{\"bold\":false,\"color\":\"#212B36\",\"size\":14,\"text\":\"11/23(일) \"},{\"bold\":false,\"color\":\"#212B36\",\"size\":14,\"text\":\"도착 예정\"}],\"pddUTC\":\"2025-11-23T14:59:59.999Z\"}},\"dateInfo\":null,\"hasNewItem\":true,\"sponsored\":false,\"logging\":null,\"usedProductInfo\":null,\"usedProductPrice\":null,\"usedOnlyItem\":false,\"detailPriceInfos\":[{\"quantity\":1,\"priceType\":\"INSTANT_DISCOUNT\",\"price\":45690,\"priceWithDeliveryFee\":45690,\"discountType\":\"PERCENTAGE\",\"discountRate\":23,\"priceBasedDiscountRate\":23,\"promotionBadgeTexts\":{},\"discountAmount\":5080,\"description\":\"할인\",\"unitPrice\":{\"amount\":1,\"extendedPrice\":{\"money\":{\"amount\":254,\"currency\":\"KRW\"},\"offset\":0},\"priceEx\":{\"amount\":254,\"currency\":\"KRW\"},\"unit\":\"정\"},\"unitPriceWithDeliveryFee\":{\"amount\":1,\"extendedPrice\":{\"money\":{\"amount\":254,\"currency\":\"KRW\"},\"offset\":0},\"priceEx\":null,\"unit\":\"정\"},\"eligibilityConditions\":{\"ROCKET_CLUB_STATUS\":[]},\"priceEx\":null,\"manageCode\":\"US-COST-GCD-discount_20250715_PPPD_CF_10_off_VF_0_off_CP_0_off\",\"expiryDate\":1784152800000,\"membershipType\":null,\"paymentMethodId\":null,\"paymentMethodDescription\":null,\"cardIdentificationType\":null,\"cardBrand\":null,\"cardCode\":null,\"cardType\":null,\"i18nDiscountAmount\":{\"amount\":\"5080\",\"rawAmount\":5080,\"fractionDigits\":0,\"currency\":\"KRW\"},\"percentageDiscount\":true,\"i18nPrice\":{\"amount\":\"45690\",\"rawAmount\":45690,\"fractionDigits\":0,\"currency\":\"KRW\"},\"fixedDiscount\":false},{\"quantity\":1,\"priceType\":\"FINAL_PRICE\",\"price\":45690,\"priceWithDeliveryFee\":45690,\"discountType\":null,\"discountRate\":23,\"priceBasedDiscountRate\":23,\"promotionBadgeTexts\":{},\"discountAmount\":0,\"description\":\"할인\",\"unitPrice\":{\"amount\":1,\"extendedPrice\":{\"money\":{\"amount\":254,\"currency\":\"KRW\"},\"offset\":0},\"priceEx\":{\"amount\":254,\"currency\":\"KRW\"},\"unit\":\"정\"},\"unitPriceWithDeliveryFee\":{\"amount\":1,\"extendedPrice\":{\"money\":{\"amount\":254,\"currency\":\"KRW\"},\"offset\":0},\"priceEx\":null,\"unit\":\"정\"},\"eligibilityConditions\":{},\"priceEx\":null,\"manageCode\":null,\"expiryDate\":null,\"membershipType\":null,\"paymentMethodId\":null,\"paymentMethodDescription\":null,\"cardIdentificationType\":null,\"cardBrand\":null,\"cardCode\":null,\"cardType\":null,\"i18nDiscountAmount\":{\"amount\":\"0\",\"rawAmount\":0,\"fractionDigits\":0,\"currency\":\"KRW\"},\"percentageDiscount\":false,\"i18nPrice\":{\"amount\":\"45690\",\"rawAmount\":45690,\"fractionDigits\":0,\"currency\":\"KRW\"},\"fixedDiscount\":false},{\"quantity\":1,\"priceType\":\"DELIVERY_BUNDLE_REWARD_CASH\",\"price\":457,\"priceWithDeliveryFee\":0,\"discountType\":\"PERCENTAGE\",\"discountRate\":1,\"priceBasedDiscountRate\":null,\"promotionBadgeTexts\":{},\"discountAmount\":457,\"description\":\"쿠페이 머니 결제 시 1% 적립\",\"unitPrice\":null,\"unitPriceWithDeliveryFee\":null,\"eligibilityConditions\":{\"USER_BUDGET\":[\"10000\"],\"USER_BUDGET_I18N\":[\"{\\\"currencyCode\\\":\\\"KRW\\\",\\\"units\\\":10000,\\\"nanos\\\":0}\"]},\"priceEx\":null,\"manageCode\":\"COUPAY_MONEY_CASHBACK\",\"expiryDate\":4070962799000,\"membershipType\":null,\"paymentMethodId\":null,\"paymentMethodDescription\":null,\"cardIdentificationType\":null,\"cardBrand\":null,\"cardCode\":null,\"cardType\":null,\"i18nDiscountAmount\":{\"amount\":\"457\",\"rawAmount\":457,\"fractionDigits\":0,\"currency\":\"KRW\"},\"percentageDiscount\":true,\"i18nPrice\":{\"amount\":\"457\",\"rawAmount\":457,\"fractionDigits\":0,\"currency\":\"KRW\"},\"fixedDiscount\":false},{\"quantity\":1,\"priceType\":\"ANCHOR_PRICE\",\"price\":59350,\"priceWithDeliveryFee\":59350,\"discountType\":null,\"discountRate\":null,\"priceBasedDiscountRate\":null,\"promotionBadgeTexts\":{},\"discountAmount\":0,\"description\":null,\"unitPrice\":{\"amount\":1,\"extendedPrice\":{\"money\":{\"amount\":330,\"currency\":\"KRW\"},\"offset\":0},\"priceEx\":{\"amount\":330,\"currency\":\"KRW\"},\"unit\":\"정\"},\"unitPriceWithDeliveryFee\":{\"amount\":1,\"extendedPrice\":{\"money\":{\"amount\":330,\"currency\":\"KRW\"},\"offset\":0},\"priceEx\":null,\"unit\":\"정\"},\"eligibilityConditions\":{},\"priceEx\":null,\"manageCode\":null,\"expiryDate\":null,\"membershipType\":null,\"paymentMethodId\":null,\"paymentMethodDescription\":null,\"cardIdentificationType\":null,\"cardBrand\":null,\"cardCode\":null,\"cardType\":null,\"i18nDiscountAmount\":{\"amount\":\"0\",\"rawAmount\":0,\"fractionDigits\":0,\"currency\":\"KRW\"},\"percentageDiscount\":false,\"i18nPrice\":{\"amount\":\"59350\",\"rawAmount\":59350,\"fractionDigits\":0,\"currency\":\"KRW\"},\"fixedDiscount\":false},{\"quantity\":1,\"priceType\":\"ORIGINAL\",\"price\":59350,\"priceWithDeliveryFee\":59350,\"discountType\":null,\"discountRate\":null,\"priceBasedDiscountRate\":null,\"promotionBadgeTexts\":{},\"discountAmount\":0,\"description\":null,\"unitPrice\":{\"amount\":1,\"extendedPrice\":{\"money\":{\"amount\":330,\"currency\":\"KRW\"},\"offset\":0},\"priceEx\":{\"amount\":330,\"currency\":\"KRW\"},\"unit\":\"정\"},\"unitPriceWithDeliveryFee\":{\"amount\":1,\"extendedPrice\":{\"money\":{\"amount\":330,\"currency\":\"KRW\"},\"offset\":0},\"priceEx\":null,\"unit\":\"정\"},\"eligibilityConditions\":{},\"priceEx\":null,\"manageCode\":null,\"expiryDate\":null,\"membershipType\":null,\"paymentMethodId\":null,\"paymentMethodDescription\":null,\"cardIdentificationType\":null,\"cardBrand\":null,\"cardCode\":null,\"cardType\":null,\"i18nDiscountAmount\":{\"amount\":\"0\",\"rawAmount\":0,\"fractionDigits\":0,\"currency\":\"KRW\"},\"percentageDiscount\":false,\"i18nPrice\":{\"amount\":\"59350\",\"rawAmount\":59350,\"fractionDigits\":0,\"currency\":\"KRW\"},\"fixedDiscount\":false},{\"quantity\":1,\"priceType\":\"SALES\",\"price\":50770,\"priceWithDeliveryFee\":50770,\"discountType\":null,\"discountRate\":14,\"priceBasedDiscountRate\":14,\"promotionBadgeTexts\":{},\"discountAmount\":0,\"description\":\"쿠팡판매가\",\"unitPrice\":{\"amount\":1,\"extendedPrice\":{\"money\":{\"amount\":282,\"currency\":\"KRW\"},\"offset\":0},\"priceEx\":{\"amount\":282,\"currency\":\"KRW\"},\"unit\":\"정\"},\"unitPriceWithDeliveryFee\":{\"amount\":1,\"extendedPrice\":{\"money\":{\"amount\":282,\"currency\":\"KRW\"},\"offset\":0},\"priceEx\":null,\"unit\":\"정\"},\"eligibilityConditions\":{},\"priceEx\":null,\"manageCode\":null,\"expiryDate\":null,\"membershipType\":null,\"paymentMethodId\":null,\"paymentMethodDescription\":null,\"cardIdentificationType\":null,\"cardBrand\":null,\"cardCode\":null,\"cardType\":null,\"i18nDiscountAmount\":{\"amount\":\"0\",\"rawAmount\":0,\"fractionDigits\":0,\"currency\":\"KRW\"},\"percentageDiscount\":false,\"i18nPrice\":{\"amount\":\"50770\",\"rawAmount\":50770,\"fractionDigits\":0,\"currency\":\"KRW\"},\"fixedDiscount\":false}],\"priceByMemberStatus\":{\"NOT_MEMBER\":[{\"quantity\":1,\"priceType\":\"INSTANT_DISCOUNT\",\"price\":45690,\"priceWithDeliveryFee\":45690,\"discountType\":\"PERCENTAGE\",\"discountRate\":23,\"priceBasedDiscountRate\":23,\"promotionBadgeTexts\":{},\"discountAmount\":5080,\"description\":\"할인\",\"unitPrice\":{\"amount\":1,\"extendedPrice\":{\"money\":{\"amount\":254,\"currency\":\"KRW\"},\"offset\":0},\"priceEx\":{\"amount\":254,\"currency\":\"KRW\"},\"unit\":\"정\"},\"unitPriceWithDeliveryFee\":{\"amount\":1,\"extendedPrice\":{\"money\":{\"amount\":254,\"currency\":\"KRW\"},\"offset\":0},\"priceEx\":null,\"unit\":\"정\"},\"eligibilityConditions\":{\"ROCKET_CLUB_STATUS\":[]},\"priceEx\":null,\"manageCode\":\"US-COST-GCD-discount_20250715_PPPD_CF_10_off_VF_0_off_CP_0_off\",\"expiryDate\":1784152800000,\"membershipType\":null,\"paymentMethodId\":null,\"paymentMethodDescription\":null,\"cardIdentificationType\":null,\"cardBrand\":null,\"cardCode\":null,\"cardType\":null,\"i18nDiscountAmount\":{\"amount\":\"5080\",\"rawAmount\":5080,\"fractionDigits\":0,\"currency\":\"KRW\"},\"percentageDiscount\":true,\"i18nPrice\":{\"amount\":\"45690\",\"rawAmount\":45690,\"fractionDigits\":0,\"currency\":\"KRW\"},\"fixedDiscount\":false},{\"quantity\":1,\"priceType\":\"FINAL_PRICE\",\"price\":45690,\"priceWithDeliveryFee\":45690,\"discountType\":null,\"discountRate\":23,\"priceBasedDiscountRate\":23,\"promotionBadgeTexts\":{},\"discountAmount\":0,\"description\":\"할인\",\"unitPrice\":{\"amount\":1,\"extendedPrice\":{\"money\":{\"amount\":254,\"currency\":\"KRW\"},\"offset\":0},\"priceEx\":{\"amount\":254,\"currency\":\"KRW\"},\"unit\":\"정\"},\"unitPriceWithDeliveryFee\":{\"amount\":1,\"extendedPrice\":{\"money\":{\"amount\":254,\"currency\":\"KRW\"},\"offset\":0},\"priceEx\":null,\"unit\":\"정\"},\"eligibilityConditions\":{},\"priceEx\":null,\"manageCode\":null,\"expiryDate\":null,\"membershipType\":null,\"paymentMethodId\":null,\"paymentMethodDescription\":null,\"cardIdentificationType\":null,\"cardBrand\":null,\"cardCode\":null,\"cardType\":null,\"i18nDiscountAmount\":{\"amount\":\"0\",\"rawAmount\":0,\"fractionDigits\":0,\"currency\":\"KRW\"},\"percentageDiscount\":false,\"i18nPrice\":{\"amount\":\"45690\",\"rawAmount\":45690,\"fractionDigits\":0,\"currency\":\"KRW\"},\"fixedDiscount\":false},{\"quantity\":1,\"priceType\":\"DELIVERY_BUNDLE_REWARD_CASH\",\"price\":457,\"priceWithDeliveryFee\":0,\"discountType\":\"PERCENTAGE\",\"discountRate\":1,\"priceBasedDiscountRate\":null,\"promotionBadgeTexts\":{},\"discountAmount\":457,\"description\":\"쿠페이 머니 결제 시 1% 적립\",\"unitPrice\":null,\"unitPriceWithDeliveryFee\":null,\"eligibilityConditions\":{\"USER_BUDGET\":[\"10000\"],\"USER_BUDGET_I18N\":[\"{\\\"currencyCode\\\":\\\"KRW\\\",\\\"units\\\":10000,\\\"nanos\\\":0}\"]},\"priceEx\":null,\"manageCode\":\"COUPAY_MONEY_CASHBACK\",\"expiryDate\":4070962799000,\"membershipType\":null,\"paymentMethodId\":null,\"paymentMethodDescription\":null,\"cardIdentificationType\":null,\"cardBrand\":null,\"cardCode\":null,\"cardType\":null,\"i18nDiscountAmount\":{\"amount\":\"457\",\"rawAmount\":457,\"fractionDigits\":0,\"currency\":\"KRW\"},\"percentageDiscount\":true,\"i18nPrice\":{\"amount\":\"457\",\"rawAmount\":457,\"fractionDigits\":0,\"currency\":\"KRW\"},\"fixedDiscount\":false},{\"quantity\":1,\"priceType\":\"ANCHOR_PRICE\",\"price\":59350,\"priceWithDeliveryFee\":59350,\"discountType\":null,\"discountRate\":null,\"priceBasedDiscountRate\":null,\"promotionBadgeTexts\":{},\"discountAmount\":0,\"description\":null,\"unitPrice\":{\"amount\":1,\"extendedPrice\":{\"money\":{\"amount\":330,\"currency\":\"KRW\"},\"offset\":0},\"priceEx\":{\"amount\":330,\"currency\":\"KRW\"},\"unit\":\"정\"},\"unitPriceWithDeliveryFee\":{\"amount\":1,\"extendedPrice\":{\"money\":{\"amount\":330,\"currency\":\"KRW\"},\"offset\":0},\"priceEx\":null,\"unit\":\"정\"},\"eligibilityConditions\":{},\"priceEx\":null,\"manageCode\":null,\"expiryDate\":null,\"membershipType\":null,\"paymentMethodId\":null,\"paymentMethodDescription\":null,\"cardIdentificationType\":null,\"cardBrand\":null,\"cardCode\":null,\"cardType\":null,\"i18nDiscountAmount\":{\"amount\":\"0\",\"rawAmount\":0,\"fractionDigits\":0,\"currency\":\"KRW\"},\"percentageDiscount\":false,\"i18nPrice\":{\"amount\":\"59350\",\"rawAmount\":59350,\"fractionDigits\":0,\"currency\":\"KRW\"},\"fixedDiscount\":false},{\"quantity\":1,\"priceType\":\"ORIGINAL\",\"price\":59350,\"priceWithDeliveryFee\":59350,\"discountType\":null,\"discountRate\":null,\"priceBasedDiscountRate\":null,\"promotionBadgeTexts\":{},\"discountAmount\":0,\"description\":null,\"unitPrice\":{\"amount\":1,\"extendedPrice\":{\"money\":{\"amount\":330,\"currency\":\"KRW\"},\"offset\":0},\"priceEx\":{\"amount\":330,\"currency\":\"KRW\"},\"unit\":\"정\"},\"unitPriceWithDeliveryFee\":{\"amount\":1,\"extendedPrice\":{\"money\":{\"amount\":330,\"currency\":\"KRW\"},\"offset\":0},\"priceEx\":null,\"unit\":\"정\"},\"eligibilityConditions\":{},\"priceEx\":null,\"manageCode\":null,\"expiryDate\":null,\"membershipType\":null,\"paymentMethodId\":null,\"paymentMethodDescription\":null,\"cardIdentificationType\":null,\"cardBrand\":null,\"cardCode\":null,\"cardType\":null,\"i18nDiscountAmount\":{\"amount\":\"0\",\"rawAmount\":0,\"fractionDigits\":0,\"currency\":\"KRW\"},\"percentageDiscount\":false,\"i18nPrice\":{\"amount\":\"59350\",\"rawAmount\":59350,\"fractionDigits\":0,\"currency\":\"KRW\"},\"fixedDiscount\":false},{\"quantity\":1,\"priceType\":\"SALES\",\"price\":50770,\"priceWithDeliveryFee\":50770,\"discountType\":null,\"discountRate\":14,\"priceBasedDiscountRate\":14,\"promotionBadgeTexts\":{},\"discountAmount\":0,\"description\":\"쿠팡판매가\",\"unitPrice\":{\"amount\":1,\"extendedPrice\":{\"money\":{\"amount\":282,\"currency\":\"KRW\"},\"offset\":0},\"priceEx\":{\"amount\":282,\"currency\":\"KRW\"},\"unit\":\"정\"},\"unitPriceWithDeliveryFee\":{\"amount\":1,\"extendedPrice\":{\"money\":{\"amount\":282,\"currency\":\"KRW\"},\"offset\":0},\"priceEx\":null,\"unit\":\"정\"},\"eligibilityConditions\":{},\"priceEx\":null,\"manageCode\":null,\"expiryDate\":null,\"membershipType\":null,\"paymentMethodId\":null,\"paymentMethodDescription\":null,\"cardIdentificationType\":null,\"cardBrand\":null,\"cardCode\":null,\"cardType\":null,\"i18nDiscountAmount\":{\"amount\":\"0\",\"rawAmount\":0,\"fractionDigits\":0,\"currency\":\"KRW\"},\"percentageDiscount\":false,\"i18nPrice\":{\"amount\":\"50770\",\"rawAmount\":50770,\"fractionDigits\":0,\"currency\":\"KRW\"},\"fixedDiscount\":false}],\"MEMBER\":[{\"quantity\":1,\"priceType\":\"INSTANT_DISCOUNT\",\"price\":45690,\"priceWithDeliveryFee\":45690,\"discountType\":\"PERCENTAGE\",\"discountRate\":23,\"priceBasedDiscountRate\":23,\"promotionBadgeTexts\":{},\"discountAmount\":5080,\"description\":\"할인\",\"unitPrice\":{\"amount\":1,\"extendedPrice\":{\"money\":{\"amount\":254,\"currency\":\"KRW\"},\"offset\":0},\"priceEx\":{\"amount\":254,\"currency\":\"KRW\"},\"unit\":\"정\"},\"unitPriceWithDeliveryFee\":{\"amount\":1,\"extendedPrice\":{\"money\":{\"amount\":254,\"currency\":\"KRW\"},\"offset\":0},\"priceEx\":null,\"unit\":\"정\"},\"eligibilityConditions\":{\"ROCKET_CLUB_STATUS\":[]},\"priceEx\":null,\"manageCode\":\"US-COST-GCD-discount_20250715_PPPD_CF_10_off_VF_0_off_CP_0_off\",\"expiryDate\":1784152800000,\"membershipType\":null,\"paymentMethodId\":null,\"paymentMethodDescription\":null,\"cardIdentificationType\":null,\"cardBrand\":null,\"cardCode\":null,\"cardType\":null,\"i18nDiscountAmount\":{\"amount\":\"5080\",\"rawAmount\":5080,\"fractionDigits\":0,\"currency\":\"KRW\"},\"percentageDiscount\":true,\"i18nPrice\":{\"amount\":\"45690\",\"rawAmount\":45690,\"fractionDigits\":0,\"currency\":\"KRW\"},\"fixedDiscount\":false},{\"quantity\":1,\"priceType\":\"FINAL_PRICE\",\"price\":45690,\"priceWithDeliveryFee\":45690,\"discountType\":null,\"discountRate\":23,\"priceBasedDiscountRate\":23,\"promotionBadgeTexts\":{},\"discountAmount\":0,\"description\":\"할인\",\"unitPrice\":{\"amount\":1,\"extendedPrice\":{\"money\":{\"amount\":254,\"currency\":\"KRW\"},\"offset\":0},\"priceEx\":{\"amount\":254,\"currency\":\"KRW\"},\"unit\":\"정\"},\"unitPriceWithDeliveryFee\":{\"amount\":1,\"extendedPrice\":{\"money\":{\"amount\":254,\"currency\":\"KRW\"},\"offset\":0},\"priceEx\":null,\"unit\":\"정\"},\"eligibilityConditions\":{},\"priceEx\":null,\"manageCode\":null,\"expiryDate\":null,\"membershipType\":null,\"paymentMethodId\":null,\"paymentMethodDescription\":null,\"cardIdentificationType\":null,\"cardBrand\":null,\"cardCode\":null,\"cardType\":null,\"i18nDiscountAmount\":{\"amount\":\"0\",\"rawAmount\":0,\"fractionDigits\":0,\"currency\":\"KRW\"},\"percentageDiscount\":false,\"i18nPrice\":{\"amount\":\"45690\",\"rawAmount\":45690,\"fractionDigits\":0,\"currency\":\"KRW\"},\"fixedDiscount\":false},{\"quantity\":1,\"priceType\":\"DELIVERY_BUNDLE_REWARD_CASH\",\"price\":457,\"priceWithDeliveryFee\":0,\"discountType\":\"PERCENTAGE\",\"discountRate\":1,\"priceBasedDiscountRate\":null,\"promotionBadgeTexts\":{},\"discountAmount\":457,\"description\":\"쿠페이 머니 결제 시 1% 적립\",\"unitPrice\":null,\"unitPriceWithDeliveryFee\":null,\"eligibilityConditions\":{\"USER_BUDGET\":[\"10000\"],\"USER_BUDGET_I18N\":[\"{\\\"currencyCode\\\":\\\"KRW\\\",\\\"units\\\":10000,\\\"nanos\\\":0}\"]},\"priceEx\":null,\"manageCode\":\"COUPAY_MONEY_CASHBACK\",\"expiryDate\":4070962799000,\"membershipType\":null,\"paymentMethodId\":null,\"paymentMethodDescription\":null,\"cardIdentificationType\":null,\"cardBrand\":null,\"cardCode\":null,\"cardType\":null,\"i18nDiscountAmount\":{\"amount\":\"457\",\"rawAmount\":457,\"fractionDigits\":0,\"currency\":\"KRW\"},\"percentageDiscount\":true,\"i18nPrice\":{\"amount\":\"457\",\"rawAmount\":457,\"fractionDigits\":0,\"currency\":\"KRW\"},\"fixedDiscount\":false},{\"quantity\":1,\"priceType\":\"ROCKET_WOW_COUPAY_MONEY_REWARD_CASH\",\"price\":1828,\"priceWithDeliveryFee\":0,\"discountType\":\"PERCENTAGE\",\"discountRate\":4,\"priceBasedDiscountRate\":null,\"promotionBadgeTexts\":{},\"discountAmount\":1828,\"description\":\"[로켓와우 + 쿠페이 머니] 결제 시 4% 추가적립\",\"unitPrice\":null,\"unitPriceWithDeliveryFee\":null,\"eligibilityConditions\":{\"USER_BUDGET\":[\"40000\"],\"ELIGIBILITY_DAYS\":[\"30\"],\"USER_BUDGET_I18N\":[\"{\\\"currencyCode\\\":\\\"KRW\\\",\\\"units\\\":40000,\\\"nanos\\\":0}\"]},\"priceEx\":null,\"manageCode\":\"ROCKETWOW_COUPAY_MONEY_CASHBACK_JUN2019\",\"expiryDate\":1930003200000,\"membershipType\":null,\"paymentMethodId\":null,\"paymentMethodDescription\":null,\"cardIdentificationType\":null,\"cardBrand\":null,\"cardCode\":null,\"cardType\":null,\"i18nDiscountAmount\":{\"amount\":\"1828\",\"rawAmount\":1828,\"fractionDigits\":0,\"currency\":\"KRW\"},\"percentageDiscount\":true,\"i18nPrice\":{\"amount\":\"1828\",\"rawAmount\":1828,\"fractionDigits\":0,\"currency\":\"KRW\"},\"fixedDiscount\":false},{\"quantity\":1,\"priceType\":\"ROCKET_WOW_COUPAY_BANK_REWARD_CASH\",\"price\":914,\"priceWithDeliveryFee\":0,\"discountType\":\"PERCENTAGE\",\"discountRate\":2,\"priceBasedDiscountRate\":null,\"promotionBadgeTexts\":{},\"discountAmount\":914,\"description\":\"[로켓와우 + 쿠페이 계좌이체] 결제 시 2% 적립\",\"unitPrice\":null,\"unitPriceWithDeliveryFee\":null,\"eligibilityConditions\":{\"USER_BUDGET\":[\"20000\"],\"ELIGIBILITY_DAYS\":[\"30\"],\"USER_BUDGET_I18N\":[\"{\\\"currencyCode\\\":\\\"KRW\\\",\\\"units\\\":20000,\\\"nanos\\\":0}\"]},\"priceEx\":null,\"manageCode\":\"ROCKETWOW_COUPAY_BANK_CASHBACK_JUN2019\",\"expiryDate\":1930003200000,\"membershipType\":null,\"paymentMethodId\":null,\"paymentMethodDescription\":null,\"cardIdentificationType\":null,\"cardBrand\":null,\"cardCode\":null,\"cardType\":null,\"i18nDiscountAmount\":{\"amount\":\"914\",\"rawAmount\":914,\"fractionDigits\":0,\"currency\":\"KRW\"},\"percentageDiscount\":true,\"i18nPrice\":{\"amount\":\"914\",\"rawAmount\":914,\"fractionDigits\":0,\"currency\":\"KRW\"},\"fixedDiscount\":false},{\"quantity\":1,\"priceType\":\"ANCHOR_PRICE\",\"price\":59350,\"priceWithDeliveryFee\":59350,\"discountType\":null,\"discountRate\":null,\"priceBasedDiscountRate\":null,\"promotionBadgeTexts\":{},\"discountAmount\":0,\"description\":null,\"unitPrice\":{\"amount\":1,\"extendedPrice\":{\"money\":{\"amount\":330,\"currency\":\"KRW\"},\"offset\":0},\"priceEx\":{\"amount\":330,\"currency\":\"KRW\"},\"unit\":\"정\"},\"unitPriceWithDeliveryFee\":{\"amount\":1,\"extendedPrice\":{\"money\":{\"amount\":330,\"currency\":\"KRW\"},\"offset\":0},\"priceEx\":null,\"unit\":\"정\"},\"eligibilityConditions\":{},\"priceEx\":null,\"manageCode\":null,\"expiryDate\":null,\"membershipType\":null,\"paymentMethodId\":null,\"paymentMethodDescription\":null,\"cardIdentificationType\":null,\"cardBrand\":null,\"cardCode\":null,\"cardType\":null,\"i18nDiscountAmount\":{\"amount\":\"0\",\"rawAmount\":0,\"fractionDigits\":0,\"currency\":\"KRW\"},\"percentageDiscount\":false,\"i18nPrice\":{\"amount\":\"59350\",\"rawAmount\":59350,\"fractionDigits\":0,\"currency\":\"KRW\"},\"fixedDiscount\":false},{\"quantity\":1,\"priceType\":\"ORIGINAL\",\"price\":59350,\"priceWithDeliveryFee\":59350,\"discountType\":null,\"discountRate\":null,\"priceBasedDiscountRate\":null,\"promotionBadgeTexts\":{},\"discountAmount\":0,\"description\":null,\"unitPrice\":{\"amount\":1,\"extendedPrice\":{\"money\":{\"amount\":330,\"currency\":\"KRW\"},\"offset\":0},\"priceEx\":{\"amount\":330,\"currency\":\"KRW\"},\"unit\":\"정\"},\"unitPriceWithDeliveryFee\":{\"amount\":1,\"extendedPrice\":{\"money\":{\"amount\":330,\"currency\":\"KRW\"},\"offset\":0},\"priceEx\":null,\"unit\":\"정\"},\"eligibilityConditions\":{},\"priceEx\":null,\"manageCode\":null,\"expiryDate\":null,\"membershipType\":null,\"paymentMethodId\":null,\"paymentMethodDescription\":null,\"cardIdentificationType\":null,\"cardBrand\":null,\"cardCode\":null,\"cardType\":null,\"i18nDiscountAmount\":{\"amount\":\"0\",\"rawAmount\":0,\"fractionDigits\":0,\"currency\":\"KRW\"},\"percentageDiscount\":false,\"i18nPrice\":{\"amount\":\"59350\",\"rawAmount\":59350,\"fractionDigits\":0,\"currency\":\"KRW\"},\"fixedDiscount\":false},{\"quantity\":1,\"priceType\":\"SALES\",\"price\":50770,\"priceWithDeliveryFee\":50770,\"discountType\":null,\"discountRate\":14,\"priceBasedDiscountRate\":14,\"promotionBadgeTexts\":{},\"discountAmount\":0,\"description\":\"쿠팡판매가\",\"unitPrice\":{\"amount\":1,\"extendedPrice\":{\"money\":{\"amount\":282,\"currency\":\"KRW\"},\"offset\":0},\"priceEx\":{\"amount\":282,\"currency\":\"KRW\"},\"unit\":\"정\"},\"unitPriceWithDeliveryFee\":{\"amount\":1,\"extendedPrice\":{\"money\":{\"amount\":282,\"currency\":\"KRW\"},\"offset\":0},\"priceEx\":null,\"unit\":\"정\"},\"eligibilityConditions\":{},\"priceEx\":null,\"manageCode\":null,\"expiryDate\":null,\"membershipType\":null,\"paymentMethodId\":null,\"paymentMethodDescription\":null,\"cardIdentificationType\":null,\"cardBrand\":null,\"cardCode\":null,\"cardType\":null,\"i18nDiscountAmount\":{\"amount\":\"0\",\"rawAmount\":0,\"fractionDigits\":0,\"currency\":\"KRW\"},\"percentageDiscount\":false,\"i18nPrice\":{\"amount\":\"50770\",\"rawAmount\":50770,\"fractionDigits\":0,\"currency\":\"KRW\"},\"fixedDiscount\":false}]},\"paymentMethodPricesByMemberStatus\":{},\"paymentMethodPrices\":[],\"showWowPrice\":false,\"properties\":{\"AUTO_CANCELED\":\"APPROVAL_CANCEL\",\"OVERSEAS_PURCHASED\":\"true\",\"NON_COMPETITIVE_DISCOUNT_NOT_MEMBER\":\"true\",\"IMPORT_AGENCY_NAME\":\"FV USA,LLC\",\"SEPARATE_REFUND_POLICY\":\"false\",\"PERSONAL_INFORMATION_USE_AGREE\":\"true\",\"TAX_TYPE\":\"TAX\",\"BEST_PRICE_GUARANTEED_3P\":\"false\",\"IS_PCC_NEEDED\":\"true\",\"SEVEN_REFUND_AGREE\":\"false\",\"CANCEL_BUTTON_SHOWED\":\"false\",\"NOT_FOR_INDIVIDUAL_SALE\":\"false\",\"REGISTERED_FROM\":\"SELLER\",\"PARALLEL_IMPORTED\":\"false\",\"STOCK_SHOWED\":\"true\",\"PRE_ORDER\":\"false\",\"EXTRA_INFO_LABEL_EX\":\"{\\\"ko_KR\\\":\\\"\\\"}\",\"EXPIRED_DATE\":\"2027-01-01\",\"PRINT_BUTTON_SHOWED\":\"true\",\"IS_IMPORT_AGENCY\":\"true\",\"ORIGIN_VENDOR_ITEM_VALID\":\"true\",\"NON_COMPETITIVE_DISCOUNT_MEMBER\":\"true\",\"OFFER_CONDITION\":\"NEW\",\"ORIGINAL_PRICE_FOR_RETAIL\":\"59350\",\"ORIGINAL_PRICE_FOR_RETAIL_I18N\":\"{\\\"currencyCode\\\":\\\"KRW\\\",\\\"units\\\":59350,\\\"nanos\\\":0}\",\"SALE_PERIOD_TYPE\":\"REGULAR\",\"FRONT_CANCELABLE\":\"false\",\"EXTRA_INFO_LABEL\":\"\",\"THIRD_PARTY_AGREE\":\"false\",\"IMPORT_AGENCY_NAME_EX\":\"{\\\"ko_KR\\\":\\\"FV USA,LLC\\\"}\",\"REMOTE_AREA_DELIVERABLE\":\"true\",\"PURCHASED_BEFORE\":\"false\",\"COLD_START\":\"false\",\"RANK_BEFORE_COLD_START_BOOST\":\"0\",\"OFFER_CONDITION_V2\":\"NEW\"},\"itemAttributes\":{\"7347\":{\"expose\":false,\"id\":7347,\"name\":\"건강식품 사용대상\",\"value\":\"성인남녀공용\",\"valueWithUnit\":\"성인남녀공용\",\"weight\":5,\"unitDescription\":\"없음\"},\"7652\":{\"expose\":true,\"id\":7652,\"name\":\"수량\",\"value\":\"1\",\"valueWithUnit\":\"1개\",\"weight\":2,\"unitDescription\":\"개\"},\"7663\":{\"expose\":false,\"id\":7663,\"name\":\"총 수량\",\"value\":\"1\",\"valueWithUnit\":\"1개\",\"weight\":17,\"unitDescription\":\"개\"},\"7923\":{\"expose\":false,\"id\":7923,\"name\":\"구성품\",\"value\":\"단품\",\"valueWithUnit\":\"단품\",\"weight\":16,\"unitDescription\":\"없음\"},\"10573\":{\"expose\":false,\"id\":10573,\"name\":\"건강식품 타입\",\"value\":\"캡슐\",\"valueWithUnit\":\"캡슐\",\"weight\":3,\"unitDescription\":\"없음\"},\"11024\":{\"expose\":false,\"id\":11024,\"name\":\"기능별 영양제\",\"value\":\"해당없음\",\"valueWithUnit\":\"해당없음\",\"weight\":4,\"unitDescription\":\"없음\"},\"11411\":{\"expose\":false,\"id\":11411,\"name\":\"보관방식\",\"value\":\"실온보관\",\"valueWithUnit\":\"실온보관\",\"weight\":12,\"unitDescription\":\"없음\"},\"12293\":{\"expose\":false,\"id\":12293,\"name\":\"총 캡슐/정 수량\",\"value\":\"180\",\"valueWithUnit\":\"180개입\",\"weight\":6,\"unitDescription\":\"개입\"},\"12397\":{\"expose\":false,\"id\":12397,\"name\":\"유기농/친환경 등\",\"value\":\"Y\",\"valueWithUnit\":\"Y\",\"weight\":10,\"unitDescription\":\"없음\"},\"12436\":{\"expose\":false,\"id\":12436,\"name\":\"대용량상품\",\"value\":\"상세내용 참고\",\"valueWithUnit\":\"상세내용 참고\",\"weight\":11,\"unitDescription\":\"없음\"},\"12546\":{\"expose\":false,\"id\":12546,\"name\":\"건강기능식품\",\"value\":\"Y\",\"valueWithUnit\":\"Y\",\"weight\":15,\"unitDescription\":\"없음\"},\"12746\":{\"expose\":false,\"id\":12746,\"name\":\"유산균 종류\",\"value\":\"신바이오틱스\",\"valueWithUnit\":\"신바이오틱스\",\"weight\":7,\"unitDescription\":\"없음\"},\"12747\":{\"expose\":false,\"id\":12747,\"name\":\"유산균 특징\",\"value\":\"상품상세참조\",\"valueWithUnit\":\"상품상세참조\",\"weight\":8,\"unitDescription\":\"없음\"},\"12777\":{\"expose\":false,\"id\":12777,\"name\":\"비건 여부\",\"value\":\"상세내용 참고\",\"valueWithUnit\":\"상세내용 참고\",\"weight\":9,\"unitDescription\":\"없음\"},\"12915\":{\"expose\":false,\"id\":12915,\"name\":\"건강식품 성분\",\"value\":\"단일영양제\",\"valueWithUnit\":\"단일영양제\",\"weight\":14,\"unitDescription\":\"없음\"},\"12916\":{\"expose\":false,\"id\":12916,\"name\":\"유산균 보장균수\",\"value\":\"11~50억\",\"valueWithUnit\":\"11~50억\",\"weight\":13,\"unitDescription\":\"없음\"},\"14264\":{\"expose\":true,\"id\":14264,\"name\":\"개당 캡슐/정\",\"value\":\"180\",\"valueWithUnit\":\"180정\",\"weight\":1,\"unitDescription\":\"정\"}},\"adhocProperties\":{},\"divisionType\":\"GOODS\",\"offerAttribute\":null,\"badgeReorder\":false,\"soldOutReason\":null,\"purchasedCount\":null,\"lastPurchasedDateUTC\":null,\"warrantyService\":{\"warrantyMonth\":0,\"available\":false},\"brandInfoList\":[{\"shopAvailable\":true,\"properties\":{\"is_farfetch_brand\":\"false\",\"is_luxury_brand\":\"false\"},\"name\":\"재로우\",\"logoImagePath\":\"brandLogo/brandLogo_c20e52cc-9234-4070-b905-a391fa181f9b.jpg\",\"id\":4302,\"description\":\"재로우\",\"luxuryBrand\":false,\"farfetchBrand\":false,\"brandTier\":null,\"officialBrandName\":\"재로우\",\"tier1\":false,\"tier2\":false,\"tier3\":false,\"bothFashionBeauty\":false,\"brandShopLink\":null,\"farfetchBrandShopLink\":null,\"brandKeywordBannerRluxMainImage\":null,\"brandKeywordBannerFarfetchMainImage\":null,\"brandWhiteLogo\":null}],\"freebie\":null,\"wowMember\":false,\"memberDto\":{\"loyaltyMemberId\":null,\"loyaltyMemberStatus\":\"UNKNOWN\",\"rocketWowEligible\":true,\"profilingSegments\":[],\"acquirerCode\":null,\"creditCardHistoryIn90Day\":null,\"agreeCollect\":false,\"studentStatus\":null,\"membershipBenefits\":[{\"type\":\"CARD_ISSUANCE.WOW\",\"attribute\":null,\"granted\":true},{\"type\":\"CASHBACK.BASIC\",\"attribute\":null,\"granted\":false},{\"type\":\"EATS\",\"attribute\":null,\"granted\":false},{\"type\":\"FAST_DELIVERY.DAWN\",\"attribute\":null,\"granted\":false},{\"type\":\"FAST_DELIVERY.PDD\",\"attribute\":null,\"granted\":false},{\"type\":\"FAST_DELIVERY.SAME_DAY\",\"attribute\":null,\"granted\":false},{\"type\":\"FREE_RETURN.FARFETCH\",\"attribute\":null,\"granted\":false},{\"type\":\"FREE_RETURN.JIKGU\",\"attribute\":null,\"granted\":false},{\"type\":\"FREE_RETURN.OTHERS\",\"attribute\":null,\"granted\":false},{\"type\":\"FREE_RETURN.ROCKET\",\"attribute\":null,\"granted\":false},{\"type\":\"FREE_SHIPPING.FARFETCH\",\"attribute\":null,\"granted\":true},{\"type\":\"FREE_SHIPPING.JIKGU\",\"attribute\":null,\"granted\":false},{\"type\":\"FREE_SHIPPING.OTHERS\",\"attribute\":null,\"granted\":false},{\"type\":\"FREE_SHIPPING.ROCKET\",\"attribute\":null,\"granted\":false},{\"type\":\"MEMBERSHIP_ENABLEMENT.WOW\",\"attribute\":null,\"granted\":false},{\"type\":\"MEMBERSHIP_PERIOD.WOW\",\"attribute\":null,\"granted\":true},{\"type\":\"MEMBERSHIP_PRICE.WOW\",\"attribute\":null,\"granted\":true},{\"type\":\"PLAY\",\"attribute\":null,\"granted\":false},{\"type\":\"PURCHASE.FRESH\",\"attribute\":null,\"granted\":false},{\"type\":\"SIGNUP_PROMOTION.PPC_PROMOTION\",\"attribute\":null,\"granted\":true},{\"type\":\"SIGNUP_PROMOTION.PPD_PROMOTION\",\"attribute\":null,\"granted\":true},{\"type\":\"SIGNUP_PROMOTION.WELCOME_PROMOTION\",\"attribute\":null,\"granted\":true},{\"type\":\"WOW_PRICE.BASIC\",\"attribute\":null,\"granted\":false},{\"type\":\"WOW_PRICE.BEST_PRICE\",\"attribute\":null,\"granted\":false},{\"type\":\"WOW_PRICE.EXCLUSIVE_PRICE\",\"attribute\":null,\"granted\":false},{\"type\":\"WOW_PRICE.TIME_DISCOUNT\",\"attribute\":null,\"granted\":false},{\"type\":\"WOW_PRICE.TRAVEL_DISCOUNT\",\"attribute\":null,\"granted\":false},{\"type\":\"WOW_PRICE.WOW_CCID\",\"attribute\":null,\"granted\":false},{\"type\":\"WOW_PRICE.WOW_DISCOUNT\",\"attribute\":null,\"granted\":false},{\"type\":\"WOW_PRICE.WOW_ONLY_COUPON\",\"attribute\":null,\"granted\":false}],\"memberPaymentDto\":{\"activeOptionAcquirerCode\":null,\"activeOptionExist\":false,\"activeOptionCardType\":null,\"activeOptionPayType\":null,\"activeOptionCardBrandCode\":null,\"activeOptionCardIdentificationType\":null,\"activeOptionPartnerBrand\":null},\"rocketWowMember\":false,\"nonPseudoRocketWowMember\":false,\"pseudoMember\":false},\"categoryId\":8541,\"remoteShippingFeeChargeable\":false,\"adult\":false,\"rocketDelivery\":false,\"freeDelivery\":true,\"directUse\":false,\"freeOver9800Delivery\":false,\"i18nCouponPrice\":{\"amount\":\"45690\",\"rawAmount\":45690,\"fractionDigits\":0,\"currency\":\"KRW\"},\"subscriptionDelivery\":false,\"subscriptionPromotion\":false,\"globalDelivery\":true,\"i18nOriginalPrice\":{\"amount\":\"59350\",\"rawAmount\":59350,\"fractionDigits\":0,\"currency\":\"KRW\"},\"i18nSubscriptionPrice\":null,\"couPick\":false,\"i18nSalesPrice\":{\"amount\":\"50770\",\"rawAmount\":50770,\"fractionDigits\":0,\"currency\":\"KRW\"},\"i18nMinPrice\":null,\"i18nSubscribeCouponPrice\":null},\"legacyProductId\":5222670398,\"bestArea\":{\"sequence\":-1,\"show\":false},\"imageAndTitleArea\":{\"description\":\"\",\"title\":\"재로우 사카로미세스 보울라디 + MOS 유산균 베지 캡, 180정, 1개\",\"travelUrl\":\"\",\"defaultUrl\":\"//thumbnail.coupangcdn.com/thumbnails/remote/230x230ex/image/vendor_inventory/173d/c22769c28a57371119cddff167b61db3a926f001bf9338b8bf04348a67d8.jpg\",\"oriDefaultUrl\":\"vendor_inventory/173d/c22769c28a57371119cddff167b61db3a926f001bf9338b8bf04348a67d8.jpg\",\"oriTravelUrl\":\"\",\"oriLocalUrl\":\"\",\"localUrl\":\"\",\"thumbnailUrl\":null,\"isWideImage\":false,\"wideImageUrl\":\"\"},\"priceArea\":{\"originalPrice\":\"59,350\",\"salesPrice\":\"45,690\",\"lowestPrice\":null,\"instantDiscountPrice\":\"45,690\",\"criteriaPriceInfo\":\"\",\"basePrice\":\"59,350\",\"price\":\"45,690\",\"discountRate\":23,\"instantDiscountDescription\":\"할인\",\"shippingFeeDescription\":null,\"showInstantDiscountDescription\":true,\"discountCountDownText\":null,\"discountExpireTime\":null,\"badDiscount\":false,\"i18nOriginalPrice\":{\"amount\":\"59350\",\"rawAmount\":null,\"fractionDigits\":0,\"currency\":\"KRW\"},\"i18nLowestPrice\":null,\"i18nSalesPrice\":{\"amount\":\"45690\",\"rawAmount\":null,\"fractionDigits\":0,\"currency\":\"KRW\"},\"i18nPrice\":{\"amount\":\"45690\",\"rawAmount\":null,\"fractionDigits\":0,\"currency\":\"KRW\"},\"discount\":true,\"instantDiscount\":true,\"i18nBasePrice\":{\"amount\":\"59350\",\"rawAmount\":null,\"fractionDigits\":0,\"currency\":\"KRW\"},\"i18nInstantDiscountPrice\":{\"amount\":\"45690\",\"rawAmount\":null,\"fractionDigits\":0,\"currency\":\"KRW\"}},\"subscriptionPriceArea\":null,\"snsDiscountRate\":-1,\"wowOnlyInstantDiscountRate\":-1,\"bundlePriceArea\":{\"price\":\"254\",\"cnt\":\"1\",\"unitDescription\":\"정\",\"i18nPrice\":{\"amount\":\"254\",\"rawAmount\":null,\"fractionDigits\":0,\"currency\":\"KRW\"}},\"instantDiscountBundlePriceArea\":{\"price\":\"254\",\"cnt\":\"1\",\"unitDescription\":\"정\",\"i18nPrice\":{\"amount\":\"254\",\"rawAmount\":null,\"fractionDigits\":0,\"currency\":\"KRW\"}},\"buyCntArea\":{\"buyCntInBest50\":\"\",\"buyCnt\":\"\",\"showOriginalCnt\":false,\"premium\":false,\"showCnt\":false},\"soldoutArea\":{\"soldOutText\":\"품절\",\"soldout\":false},\"priceTagArea\":{\"css\":\"prod-type discounted-price\",\"title\":\"할인\",\"discountRate\":\"\"},\"labelArea\":{\"labelAreaContents\":[],\"todayClose\":false},\"badgeArea\":{\"badgeAreaContents\":[]},\"useDateArea\":null,\"uniqueMessageArea\":{\"uniqueMessage\":{\"description\":\"\",\"messages\":[{\"text\":\"\",\"emphasis\":false}]}},\"gaDataArea\":{\"category\":\"\",\"action\":\"\",\"label\":\"\",\"value\":0},\"rocketArea\":{\"badgeImage\":{\"iconUrl\":\"\",\"iconWidth\":0,\"iconHeight\":0},\"show\":false},\"globalArea\":{\"badgeImage\":{\"iconUrl\":\"https://image.coupangcdn.com/image/delivery_badge/default/pc/global_b/global_b.png\",\"iconWidth\":112,\"iconHeight\":28},\"countryName\":null,\"show\":true},\"productArea\":{\"product\":true},\"cashBackArea\":{\"iconUrl\":\"https://image.coupangcdn.com/image/badges/cashback/web/list-cash-icon@2x.png\",\"cashRewardText\":\"최대 2,285원 적립\"},\"bestAward\":null,\"ccidEligible\":false,\"ccidArea\":null,\"stampImageInfo\":null,\"cornerTagArea\":null,\"link\":\"/vp/products/5222670398?itemId=1087807\u0026vendorItemId=3179536588\u0026sourceType=SDW_TOP_SELLING_WIDGET_V2\u0026searchId=1a76afe61280463\u0026q=유산균\",\"sequence\":7,\"reviewArea\":{\"ratingAverage\":5,\"ratingCount\":8273,\"ratingRatio\":100},\"deadLineArea\":{\"almostSoldOut\":false,\"deadLineApproach\":false},\"bestPriceArea\":null,\"topBrandArea\":null,\"bizOnlyArea\":null,\"couPickArea\":null,\"attributeCount\":0,\"attributeName\":\"\",\"packageType\":null,\"productCount\":null,\"vendorItemId\":3179536588,\"benefitBadgeArea\":{\"badgeAreaContents\":[]},\"deliveryBadgeArea\":{\"badgeAreaContents\":[{\"css\":\"\",\"title\":\"무료배송\",\"id\":\"FREE_SHIPPING\",\"discountInfo\":null,\"freeDeliveryStandard\":null}]},\"deliverySpeedBadgeArea\":null,\"subscriptionBundlePriceArea\":null,\"bestSellerBadgeArea\":null,\"rocketFreeShippingBadge\":null,\"promisedDeliveryDateArea\":{\"contents\":[{\"text\":\"11/23(일) \",\"size\":14,\"color\":\"#212B36\",\"bold\":false},{\"text\":\"도착 예정\",\"size\":14,\"color\":\"#212B36\",\"bold\":false}],\"deliveryType\":null,\"deliveryBadgeImage\":null,\"notEmpty\":true},\"shippingInfoArea\":null,\"eligibleFalconArea\":null,\"usedProductArea\":{\"usedProductInfo\":null,\"usedProductPrice\":null,\"usedOnlyItem\":false,\"notDisplay\":false},\"adBadgeArea\":{\"sponsored\":false,\"adzerkLog\":null,\"showSeparator\":true},\"preOrder\":null,\"bundleOptionArea\":null,\"lowStockArea\":null,\"ranking\":null,\"couponNudgeText\":null,\"couponNudgeStyle\":null,\"couponTagArea\":null,\"ab56922IsB\":false,\"ab56923IsB\":false,\"ab92528SrpIsB\":false,\"ab92528PlpIsB\":false,\"badgeReorder\":false,\"luxuryBrandAuthenticityArea\":null,\"luxuryNudgeText\":null,\"fePricingCxType\":null,\"handymanArea\":null,\"lastPurchaseArea\":null,\"rluxBrandNameArea\":{\"show\":false,\"badgeImage\":null,\"brandName\":null,\"rluxAuthText\":null},\"adjustSpacingTarget\":false,\"hideArriveInfo\":false,\"emptyCcidAndCashback\":false,\"isRlux\":false,\"isFarfetch\":false,\"properties\":{\"promiseDeliveryDate\":\"11/23(일) 도착 예정\",\"extendPdd\":false,\"remoteAreaShippingFeeBadge\":\"False\"},\"badges\":null,\"useBadges\":false,\"sponsored\":false,\"collection\":false,\"underGlobalThreshold\":false,\"showPipe\":false,\"showQuickView\":true,\"isCeCategory\":false},{\"index\":{\"legacyProductId\":{\"legacyProductId\":1524584,\"itemId\":6642130},\"salesPrice\":35000,\"itemId\":6642130,\"componentIds\":[],\"subscriptionPrice\":null,\"subscriptionDiscountRate\":null,\"originalSubscriptionDiscountRate\":null,\"subscriptionVendorItemId\":null,\"vendors\":[{\"id\":\"C01020002\",\"countryCode\":\"US\",\"countryName\":\"미국\"}],\"title\":\"베스트네츄럴스 프로바이오틱 유산균 300억 CFU's 브이캡, 120정, 1개\",\"productTitle\":\"베스트네츄럴스 프로바이오틱 유산균 300억 CFU's 브이캡, 120정, 1개\",\"alternativeTitle\":\"베스트네츄럴스 프로바이오틱 유산균 300억 CFU's 브이캡\",\"imageUrl\":\"vendor_inventory/da5d/35edfcd8a9b508b53c8e84ec0c53b4e96ba2cb490a070a45c13c92b86914.jpg\",\"imageMainUrl\":\"vendor_inventory/da5d/35edfcd8a9b508b53c8e84ec0c53b4e96ba2cb490a070a45c13c92b86914.jpg\",\"deliveryType\":null,\"deliveryInfo\":{\"remoteAreaDeliverable\":true,\"remoteArea\":null,\"outboundShippingTime\":48,\"outboundShippingPlaceId\":18137412,\"logisticType\":\"MERCHANT\",\"isLogistics\":false,\"freeShipOverAmountEx\":{\"currency\":\"KRW\",\"amount\":40000},\"finalFreeShipOverAmountEx\":{\"currency\":\"KRW\",\"amount\":40000},\"deliveryType\":\"FAST\",\"deliveryMethod\":\"AGENT_BUY\",\"deliveryCompanyName\":\"CJ대한통운특송\",\"deliveryCompanyCode\":\"korexg\",\"deliveryChargeOnReturnEx\":{\"currency\":\"KRW\",\"amount\":0},\"deliveryChargeEx\":{\"currency\":\"KRW\",\"amount\":4500},\"batchShipment\":true},\"minPrice\":null,\"originalPrice\":0,\"discountRate\":0,\"linkcodes\":[],\"sellingStatusType\":null,\"attributeCount\":0,\"attributeName\":null,\"productType\":\"PRODUCT\",\"itemImages\":null,\"defaultExposure\":false,\"trackingCodeMain\":null,\"trackingCodeSub\":null,\"reviewRatingAverage\":4.5,\"reviewRatingCount\":103,\"sectionContent\":null,\"hasUnitPriceInfo\":false,\"unitPriceInfo\":null,\"latLngs\":null,\"categoryBestIds\":null,\"debugInfo\":null,\"packageType\":null,\"bestPrice\":false,\"rocketWow\":false,\"rocketFresh\":false,\"pricePrefix\":\"\",\"priceDescription\":null,\"discountedDescription\":\"\",\"subscribeCouponPrice\":null,\"unitPrice\":{\"amount\":1,\"extendedPrice\":{\"money\":{\"amount\":292,\"currency\":\"KRW\"},\"offset\":0},\"priceEx\":{\"amount\":292,\"currency\":\"KRW\"},\"unit\":\"정\"},\"subscribeUnitPrice\":null,\"badges\":[{\"attributeByKey\":{},\"id\":\"ROCKET_CASH_REWARD\",\"text\":\"최대 1,750원 적립\",\"type\":\"ROCKET_REWARD\"}],\"brands\":[\"베스트네츄럴스\"],\"brandIds\":[\"28494\"],\"benefits\":null,\"subscribeBenefits\":null,\"falconDeliveryType\":null,\"falconDeliveryDate\":null,\"promisedDeliveryDate\":[{\"bold\":false,\"color\":\"#212B36\",\"size\":14,\"text\":\"11/28 \"},{\"bold\":false,\"color\":\"#212B36\",\"size\":14,\"text\":\"도착 예정\"}],\"promisedDeliveryDateExpressions\":{\"STANDARD\":{\"cutOffDateUTC\":\"1970-01-01T00:00:00.000Z\",\"expressions\":[{\"bold\":false,\"color\":\"#212B36\",\"size\":14,\"text\":\"11/28 \"},{\"bold\":false,\"color\":\"#212B36\",\"size\":14,\"text\":\"도착 예정\"}],\"pddUTC\":\"2025-11-28T14:59:59.999Z\"}},\"dateInfo\":null,\"hasNewItem\":true,\"sponsored\":false,\"logging\":null,\"usedProductInfo\":null,\"usedProductPrice\":null,\"usedOnlyItem\":false,\"detailPriceInfos\":[{\"quantity\":1,\"priceType\":\"FINAL_PRICE\",\"price\":35000,\"priceWithDeliveryFee\":39500,\"discountType\":null,\"discountRate\":null,\"priceBasedDiscountRate\":null,\"promotionBadgeTexts\":{},\"discountAmount\":0,\"description\":\"\",\"unitPrice\":{\"amount\":1,\"extendedPrice\":{\"money\":{\"amount\":292,\"currency\":\"KRW\"},\"offset\":0},\"priceEx\":{\"amount\":292,\"currency\":\"KRW\"},\"unit\":\"정\"},\"unitPriceWithDeliveryFee\":{\"amount\":1,\"extendedPrice\":{\"money\":{\"amount\":329,\"currency\":\"KRW\"},\"offset\":0},\"priceEx\":null,\"unit\":\"정\"},\"eligibilityConditions\":{},\"priceEx\":null,\"manageCode\":null,\"expiryDate\":null,\"membershipType\":null,\"paymentMethodId\":null,\"paymentMethodDescription\":null,\"cardIdentificationType\":null,\"cardBrand\":null,\"cardCode\":null,\"cardType\":null,\"i18nDiscountAmount\":{\"amount\":\"0\",\"rawAmount\":0,\"fractionDigits\":0,\"currency\":\"KRW\"},\"percentageDiscount\":false,\"i18nPrice\":{\"amount\":\"35000\",\"rawAmount\":35000,\"fractionDigits\":0,\"currency\":\"KRW\"},\"fixedDiscount\":false},{\"quantity\":1,\"priceType\":\"DELIVERY_BUNDLE_REWARD_CASH\",\"price\":350,\"priceWithDeliveryFee\":0,\"discountType\":\"PERCENTAGE\",\"discountRate\":1,\"priceBasedDiscountRate\":null,\"promotionBadgeTexts\":{},\"discountAmount\":350,\"description\":\"쿠페이 머니 결제 시 1% 적립\",\"unitPrice\":null,\"unitPriceWithDeliveryFee\":null,\"eligibilityConditions\":{\"USER_BUDGET\":[\"10000\"],\"USER_BUDGET_I18N\":[\"{\\\"currencyCode\\\":\\\"KRW\\\",\\\"units\\\":10000,\\\"nanos\\\":0}\"]},\"priceEx\":null,\"manageCode\":\"COUPAY_MONEY_CASHBACK\",\"expiryDate\":4070962799000,\"membershipType\":null,\"paymentMethodId\":null,\"paymentMethodDescription\":null,\"cardIdentificationType\":null,\"cardBrand\":null,\"cardCode\":null,\"cardType\":null,\"i18nDiscountAmount\":{\"amount\":\"350\",\"rawAmount\":350,\"fractionDigits\":0,\"currency\":\"KRW\"},\"percentageDiscount\":true,\"i18nPrice\":{\"amount\":\"350\",\"rawAmount\":350,\"fractionDigits\":0,\"currency\":\"KRW\"},\"fixedDiscount\":false},{\"quantity\":1,\"priceType\":\"SALES\",\"price\":35000,\"priceWithDeliveryFee\":39500,\"discountType\":null,\"discountRate\":null,\"priceBasedDiscountRate\":null,\"promotionBadgeTexts\":{},\"discountAmount\":0,\"description\":\"쿠팡판매가\",\"unitPrice\":{\"amount\":1,\"extendedPrice\":{\"money\":{\"amount\":292,\"currency\":\"KRW\"},\"offset\":0},\"priceEx\":{\"amount\":292,\"currency\":\"KRW\"},\"unit\":\"정\"},\"unitPriceWithDeliveryFee\":{\"amount\":1,\"extendedPrice\":{\"money\":{\"amount\":329,\"currency\":\"KRW\"},\"offset\":0},\"priceEx\":null,\"unit\":\"정\"},\"eligibilityConditions\":{},\"priceEx\":null,\"manageCode\":null,\"expiryDate\":null,\"membershipType\":null,\"paymentMethodId\":null,\"paymentMethodDescription\":null,\"cardIdentificationType\":null,\"cardBrand\":null,\"cardCode\":null,\"cardType\":null,\"i18nDiscountAmount\":{\"amount\":\"0\",\"rawAmount\":0,\"fractionDigits\":0,\"currency\":\"KRW\"},\"percentageDiscount\":false,\"i18nPrice\":{\"amount\":\"35000\",\"rawAmount\":35000,\"fractionDigits\":0,\"currency\":\"KRW\"},\"fixedDiscount\":false}],\"priceByMemberStatus\":{\"NOT_MEMBER\":[{\"quantity\":1,\"priceType\":\"FINAL_PRICE\",\"price\":35000,\"priceWithDeliveryFee\":39500,\"discountType\":null,\"discountRate\":null,\"priceBasedDiscountRate\":null,\"promotionBadgeTexts\":{},\"discountAmount\":0,\"description\":\"\",\"unitPrice\":{\"amount\":1,\"extendedPrice\":{\"money\":{\"amount\":292,\"currency\":\"KRW\"},\"offset\":0},\"priceEx\":{\"amount\":292,\"currency\":\"KRW\"},\"unit\":\"정\"},\"unitPriceWithDeliveryFee\":{\"amount\":1,\"extendedPrice\":{\"money\":{\"amount\":329,\"currency\":\"KRW\"},\"offset\":0},\"priceEx\":null,\"unit\":\"정\"},\"eligibilityConditions\":{},\"priceEx\":null,\"manageCode\":null,\"expiryDate\":null,\"membershipType\":null,\"paymentMethodId\":null,\"paymentMethodDescription\":null,\"cardIdentificationType\":null,\"cardBrand\":null,\"cardCode\":null,\"cardType\":null,\"i18nDiscountAmount\":{\"amount\":\"0\",\"rawAmount\":0,\"fractionDigits\":0,\"currency\":\"KRW\"},\"percentageDiscount\":false,\"i18nPrice\":{\"amount\":\"35000\",\"rawAmount\":35000,\"fractionDigits\":0,\"currency\":\"KRW\"},\"fixedDiscount\":false},{\"quantity\":1,\"priceType\":\"DELIVERY_BUNDLE_REWARD_CASH\",\"price\":350,\"priceWithDeliveryFee\":0,\"discountType\":\"PERCENTAGE\",\"discountRate\":1,\"priceBasedDiscountRate\":null,\"promotionBadgeTexts\":{},\"discountAmount\":350,\"description\":\"쿠페이 머니 결제 시 1% 적립\",\"unitPrice\":null,\"unitPriceWithDeliveryFee\":null,\"eligibilityConditions\":{\"USER_BUDGET\":[\"10000\"],\"USER_BUDGET_I18N\":[\"{\\\"currencyCode\\\":\\\"KRW\\\",\\\"units\\\":10000,\\\"nanos\\\":0}\"]},\"priceEx\":null,\"manageCode\":\"COUPAY_MONEY_CASHBACK\",\"expiryDate\":4070962799000,\"membershipType\":null,\"paymentMethodId\":null,\"paymentMethodDescription\":null,\"cardIdentificationType\":null,\"cardBrand\":null,\"cardCode\":null,\"cardType\":null,\"i18nDiscountAmount\":{\"amount\":\"350\",\"rawAmount\":350,\"fractionDigits\":0,\"currency\":\"KRW\"},\"percentageDiscount\":true,\"i18nPrice\":{\"amount\":\"350\",\"rawAmount\":350,\"fractionDigits\":0,\"currency\":\"KRW\"},\"fixedDiscount\":false},{\"quantity\":1,\"priceType\":\"SALES\",\"price\":35000,\"priceWithDeliveryFee\":39500,\"discountType\":null,\"discountRate\":null,\"priceBasedDiscountRate\":null,\"promotionBadgeTexts\":{},\"discountAmount\":0,\"description\":\"쿠팡판매가\",\"unitPrice\":{\"amount\":1,\"extendedPrice\":{\"money\":{\"amount\":292,\"currency\":\"KRW\"},\"offset\":0},\"priceEx\":{\"amount\":292,\"currency\":\"KRW\"},\"unit\":\"정\"},\"unitPriceWithDeliveryFee\":{\"amount\":1,\"extendedPrice\":{\"money\":{\"amount\":329,\"currency\":\"KRW\"},\"offset\":0},\"priceEx\":null,\"unit\":\"정\"},\"eligibilityConditions\":{},\"priceEx\":null,\"manageCode\":null,\"expiryDate\":null,\"membershipType\":null,\"paymentMethodId\":null,\"paymentMethodDescription\":null,\"cardIdentificationType\":null,\"cardBrand\":null,\"cardCode\":null,\"cardType\":null,\"i18nDiscountAmount\":{\"amount\":\"0\",\"rawAmount\":0,\"fractionDigits\":0,\"currency\":\"KRW\"},\"percentageDiscount\":false,\"i18nPrice\":{\"amount\":\"35000\",\"rawAmount\":35000,\"fractionDigits\":0,\"currency\":\"KRW\"},\"fixedDiscount\":false}],\"MEMBER\":[{\"quantity\":1,\"priceType\":\"FINAL_PRICE\",\"price\":35000,\"priceWithDeliveryFee\":39500,\"discountType\":null,\"discountRate\":null,\"priceBasedDiscountRate\":null,\"promotionBadgeTexts\":{},\"discountAmount\":0,\"description\":\"\",\"unitPrice\":{\"amount\":1,\"extendedPrice\":{\"money\":{\"amount\":292,\"currency\":\"KRW\"},\"offset\":0},\"priceEx\":{\"amount\":292,\"currency\":\"KRW\"},\"unit\":\"정\"},\"unitPriceWithDeliveryFee\":{\"amount\":1,\"extendedPrice\":{\"money\":{\"amount\":329,\"currency\":\"KRW\"},\"offset\":0},\"priceEx\":null,\"unit\":\"정\"},\"eligibilityConditions\":{},\"priceEx\":null,\"manageCode\":null,\"expiryDate\":null,\"membershipType\":null,\"paymentMethodId\":null,\"paymentMethodDescription\":null,\"cardIdentificationType\":null,\"cardBrand\":null,\"cardCode\":null,\"cardType\":null,\"i18nDiscountAmount\":{\"amount\":\"0\",\"rawAmount\":0,\"fractionDigits\":0,\"currency\":\"KRW\"},\"percentageDiscount\":false,\"i18nPrice\":{\"amount\":\"35000\",\"rawAmount\":35000,\"fractionDigits\":0,\"currency\":\"KRW\"},\"fixedDiscount\":false},{\"quantity\":1,\"priceType\":\"DELIVERY_BUNDLE_REWARD_CASH\",\"price\":350,\"priceWithDeliveryFee\":0,\"discountType\":\"PERCENTAGE\",\"discountRate\":1,\"priceBasedDiscountRate\":null,\"promotionBadgeTexts\":{},\"discountAmount\":350,\"description\":\"쿠페이 머니 결제 시 1% 적립\",\"unitPrice\":null,\"unitPriceWithDeliveryFee\":null,\"eligibilityConditions\":{\"USER_BUDGET\":[\"10000\"],\"USER_BUDGET_I18N\":[\"{\\\"currencyCode\\\":\\\"KRW\\\",\\\"units\\\":10000,\\\"nanos\\\":0}\"]},\"priceEx\":null,\"manageCode\":\"COUPAY_MONEY_CASHBACK\",\"expiryDate\":4070962799000,\"membershipType\":null,\"paymentMethodId\":null,\"paymentMethodDescription\":null,\"cardIdentificationType\":null,\"cardBrand\":null,\"cardCode\":null,\"cardType\":null,\"i18nDiscountAmount\":{\"amount\":\"350\",\"rawAmount\":350,\"fractionDigits\":0,\"currency\":\"KRW\"},\"percentageDiscount\":true,\"i18nPrice\":{\"amount\":\"350\",\"rawAmount\":350,\"fractionDigits\":0,\"currency\":\"KRW\"},\"fixedDiscount\":false},{\"quantity\":1,\"priceType\":\"ROCKET_WOW_COUPAY_MONEY_REWARD_CASH\",\"price\":1400,\"priceWithDeliveryFee\":0,\"discountType\":\"PERCENTAGE\",\"discountRate\":4,\"priceBasedDiscountRate\":null,\"promotionBadgeTexts\":{},\"discountAmount\":1400,\"description\":\"[로켓와우 + 쿠페이 머니] 결제 시 4% 추가적립\",\"unitPrice\":null,\"unitPriceWithDeliveryFee\":null,\"eligibilityConditions\":{\"USER_BUDGET\":[\"40000\"],\"ELIGIBILITY_DAYS\":[\"30\"],\"USER_BUDGET_I18N\":[\"{\\\"currencyCode\\\":\\\"KRW\\\",\\\"units\\\":40000,\\\"nanos\\\":0}\"]},\"priceEx\":null,\"manageCode\":\"ROCKETWOW_COUPAY_MONEY_CASHBACK_JUN2019\",\"expiryDate\":1930003200000,\"membershipType\":null,\"paymentMethodId\":null,\"paymentMethodDescription\":null,\"cardIdentificationType\":null,\"cardBrand\":null,\"cardCode\":null,\"cardType\":null,\"i18nDiscountAmount\":{\"amount\":\"1400\",\"rawAmount\":1400,\"fractionDigits\":0,\"currency\":\"KRW\"},\"percentageDiscount\":true,\"i18nPrice\":{\"amount\":\"1400\",\"rawAmount\":1400,\"fractionDigits\":0,\"currency\":\"KRW\"},\"fixedDiscount\":false},{\"quantity\":1,\"priceType\":\"ROCKET_WOW_COUPAY_BANK_REWARD_CASH\",\"price\":700,\"priceWithDeliveryFee\":0,\"discountType\":\"PERCENTAGE\",\"discountRate\":2,\"priceBasedDiscountRate\":null,\"promotionBadgeTexts\":{},\"discountAmount\":700,\"description\":\"[로켓와우 + 쿠페이 계좌이체] 결제 시 2% 적립\",\"unitPrice\":null,\"unitPriceWithDeliveryFee\":null,\"eligibilityConditions\":{\"USER_BUDGET\":[\"20000\"],\"ELIGIBILITY_DAYS\":[\"30\"],\"USER_BUDGET_I18N\":[\"{\\\"currencyCode\\\":\\\"KRW\\\",\\\"units\\\":20000,\\\"nanos\\\":0}\"]},\"priceEx\":null,\"manageCode\":\"ROCKETWOW_COUPAY_BANK_CASHBACK_JUN2019\",\"expiryDate\":1930003200000,\"membershipType\":null,\"paymentMethodId\":null,\"paymentMethodDescription\":null,\"cardIdentificationType\":null,\"cardBrand\":null,\"cardCode\":null,\"cardType\":null,\"i18nDiscountAmount\":{\"amount\":\"700\",\"rawAmount\":700,\"fractionDigits\":0,\"currency\":\"KRW\"},\"percentageDiscount\":true,\"i18nPrice\":{\"amount\":\"700\",\"rawAmount\":700,\"fractionDigits\":0,\"currency\":\"KRW\"},\"fixedDiscount\":false},{\"quantity\":1,\"priceType\":\"SALES\",\"price\":35000,\"priceWithDeliveryFee\":39500,\"discountType\":null,\"discountRate\":null,\"priceBasedDiscountRate\":null,\"promotionBadgeTexts\":{},\"discountAmount\":0,\"description\":\"쿠팡판매가\",\"unitPrice\":{\"amount\":1,\"extendedPrice\":{\"money\":{\"amount\":292,\"currency\":\"KRW\"},\"offset\":0},\"priceEx\":{\"amount\":292,\"currency\":\"KRW\"},\"unit\":\"정\"},\"unitPriceWithDeliveryFee\":{\"amount\":1,\"extendedPrice\":{\"money\":{\"amount\":329,\"currency\":\"KRW\"},\"offset\":0},\"priceEx\":null,\"unit\":\"정\"},\"eligibilityConditions\":{},\"priceEx\":null,\"manageCode\":null,\"expiryDate\":null,\"membershipType\":null,\"paymentMethodId\":null,\"paymentMethodDescription\":null,\"cardIdentificationType\":null,\"cardBrand\":null,\"cardCode\":null,\"cardType\":null,\"i18nDiscountAmount\":{\"amount\":\"0\",\"rawAmount\":0,\"fractionDigits\":0,\"currency\":\"KRW\"},\"percentageDiscount\":false,\"i18nPrice\":{\"amount\":\"35000\",\"rawAmount\":35000,\"fractionDigits\":0,\"currency\":\"KRW\"},\"fixedDiscount\":false}]},\"paymentMethodPricesByMemberStatus\":{},\"paymentMethodPrices\":[],\"showWowPrice\":false,\"properties\":{\"AUTO_CANCELED\":\"APPROVAL_CANCEL\",\"PRINT_BUTTON_SHOWED\":\"true\",\"IS_IMPORT_AGENCY\":\"false\",\"OVERSEAS_PURCHASED\":\"true\",\"ORIGIN_VENDOR_ITEM_VALID\":\"true\",\"SEPARATE_REFUND_POLICY\":\"false\",\"PERSONAL_INFORMATION_USE_AGREE\":\"false\",\"TAX_TYPE\":\"TAX\",\"BEST_PRICE_GUARANTEED_3P\":\"false\",\"OFFER_CONDITION\":\"NEW\",\"ORIGINAL_PRICE_FOR_RETAIL\":\"35000\",\"IS_PCC_NEEDED\":\"true\",\"SEVEN_REFUND_AGREE\":\"false\",\"ORIGINAL_PRICE_FOR_RETAIL_I18N\":\"{\\\"currencyCode\\\":\\\"KRW\\\",\\\"units\\\":35000,\\\"nanos\\\":0}\",\"LISTING_COMPLIANCE_MODEL\":\"\",\"CANCEL_BUTTON_SHOWED\":\"false\",\"PARALLEL_IMPORTED\":\"false\",\"FRONT_CANCELABLE\":\"false\",\"EXTRA_INFO_LABEL\":\"\",\"THIRD_PARTY_AGREE\":\"true\",\"LISTING_COMPLIANCE_CODE\":\"1000\",\"REMOTE_AREA_DELIVERABLE\":\"true\",\"EXTRA_INFO_LABEL_EX\":\"{\\\"ko_KR\\\":\\\"\\\"}\",\"PURCHASED_BEFORE\":\"false\",\"COLD_START\":\"false\",\"RANK_BEFORE_COLD_START_BOOST\":\"0\",\"OFFER_CONDITION_V2\":\"NEW\"},\"itemAttributes\":{\"7347\":{\"expose\":false,\"id\":7347,\"name\":\"건강식품 사용대상\",\"value\":\"성인남녀공용\",\"valueWithUnit\":\"성인남녀공용\",\"weight\":18,\"unitDescription\":\"없음\"},\"7652\":{\"expose\":true,\"id\":7652,\"name\":\"수량\",\"value\":\"1\",\"valueWithUnit\":\"1개\",\"weight\":2,\"unitDescription\":\"개\"},\"10573\":{\"expose\":false,\"id\":10573,\"name\":\"건강식품 타입\",\"value\":\"알약/캡슐\",\"valueWithUnit\":\"알약/캡슐\",\"weight\":19,\"unitDescription\":\"없음\"},\"12293\":{\"expose\":false,\"id\":12293,\"name\":\"총 캡슐/정 수량\",\"value\":\"120\",\"valueWithUnit\":\"120개입\",\"weight\":6,\"unitDescription\":\"개입\"},\"12433\":{\"expose\":false,\"id\":12433,\"name\":\"개당 용량/중량/정\",\"value\":\"120개입\",\"valueWithUnit\":\"120개입\",\"weight\":17,\"unitDescription\":\"개입\"},\"14264\":{\"expose\":true,\"id\":14264,\"name\":\"개당 캡슐/정\",\"value\":\"120\",\"valueWithUnit\":\"120정\",\"weight\":1,\"unitDescription\":\"정\"}},\"adhocProperties\":{},\"divisionType\":\"GOODS\",\"offerAttribute\":null,\"badgeReorder\":false,\"soldOutReason\":null,\"purchasedCount\":null,\"lastPurchasedDateUTC\":null,\"warrantyService\":{\"warrantyMonth\":0,\"available\":false},\"brandInfoList\":[{\"shopAvailable\":false,\"properties\":null,\"name\":\"베스트네츄럴스\",\"logoImagePath\":\"brandLogo/brandLogo_822d0bce-2a2a-487b-89be-e7e4c0d3bb6b.png\",\"id\":28494,\"description\":\"베스트네츄럴스\",\"luxuryBrand\":false,\"farfetchBrand\":false,\"brandTier\":null,\"officialBrandName\":\"베스트네츄럴스\",\"tier1\":false,\"tier2\":false,\"tier3\":false,\"bothFashionBeauty\":false,\"brandShopLink\":null,\"farfetchBrandShopLink\":null,\"brandKeywordBannerRluxMainImage\":null,\"brandKeywordBannerFarfetchMainImage\":null,\"brandWhiteLogo\":null}],\"freebie\":null,\"wowMember\":false,\"memberDto\":{\"loyaltyMemberId\":null,\"loyaltyMemberStatus\":\"UNKNOWN\",\"rocketWowEligible\":true,\"profilingSegments\":[],\"acquirerCode\":null,\"creditCardHistoryIn90Day\":null,\"agreeCollect\":false,\"studentStatus\":null,\"membershipBenefits\":[{\"type\":\"CARD_ISSUANCE.WOW\",\"attribute\":null,\"granted\":true},{\"type\":\"CASHBACK.BASIC\",\"attribute\":null,\"granted\":false},{\"type\":\"EATS\",\"attribute\":null,\"granted\":false},{\"type\":\"FAST_DELIVERY.DAWN\",\"attribute\":null,\"granted\":false},{\"type\":\"FAST_DELIVERY.PDD\",\"attribute\":null,\"granted\":false},{\"type\":\"FAST_DELIVERY.SAME_DAY\",\"attribute\":null,\"granted\":false},{\"type\":\"FREE_RETURN.FARFETCH\",\"attribute\":null,\"granted\":false},{\"type\":\"FREE_RETURN.JIKGU\",\"attribute\":null,\"granted\":false},{\"type\":\"FREE_RETURN.OTHERS\",\"attribute\":null,\"granted\":false},{\"type\":\"FREE_RETURN.ROCKET\",\"attribute\":null,\"granted\":false},{\"type\":\"FREE_SHIPPING.FARFETCH\",\"attribute\":null,\"granted\":true},{\"type\":\"FREE_SHIPPING.JIKGU\",\"attribute\":null,\"granted\":false},{\"type\":\"FREE_SHIPPING.OTHERS\",\"attribute\":null,\"granted\":false},{\"type\":\"FREE_SHIPPING.ROCKET\",\"attribute\":null,\"granted\":false},{\"type\":\"MEMBERSHIP_ENABLEMENT.WOW\",\"attribute\":null,\"granted\":false},{\"type\":\"MEMBERSHIP_PERIOD.WOW\",\"attribute\":null,\"granted\":true},{\"type\":\"MEMBERSHIP_PRICE.WOW\",\"attribute\":null,\"granted\":true},{\"type\":\"PLAY\",\"attribute\":null,\"granted\":false},{\"type\":\"PURCHASE.FRESH\",\"attribute\":null,\"granted\":false},{\"type\":\"SIGNUP_PROMOTION.PPC_PROMOTION\",\"attribute\":null,\"granted\":true},{\"type\":\"SIGNUP_PROMOTION.PPD_PROMOTION\",\"attribute\":null,\"granted\":true},{\"type\":\"SIGNUP_PROMOTION.WELCOME_PROMOTION\",\"attribute\":null,\"granted\":true},{\"type\":\"WOW_PRICE.BASIC\",\"attribute\":null,\"granted\":false},{\"type\":\"WOW_PRICE.BEST_PRICE\",\"attribute\":null,\"granted\":false},{\"type\":\"WOW_PRICE.EXCLUSIVE_PRICE\",\"attribute\":null,\"granted\":false},{\"type\":\"WOW_PRICE.TIME_DISCOUNT\",\"attribute\":null,\"granted\":false},{\"type\":\"WOW_PRICE.TRAVEL_DISCOUNT\",\"attribute\":null,\"granted\":false},{\"type\":\"WOW_PRICE.WOW_CCID\",\"attribute\":null,\"granted\":false},{\"type\":\"WOW_PRICE.WOW_DISCOUNT\",\"attribute\":null,\"granted\":false},{\"type\":\"WOW_PRICE.WOW_ONLY_COUPON\",\"attribute\":null,\"granted\":false}],\"memberPaymentDto\":{\"activeOptionAcquirerCode\":null,\"activeOptionExist\":false,\"activeOptionCardType\":null,\"activeOptionPayType\":null,\"activeOptionCardBrandCode\":null,\"activeOptionCardIdentificationType\":null,\"activeOptionPartnerBrand\":null},\"rocketWowMember\":false,\"nonPseudoRocketWowMember\":false,\"pseudoMember\":false},\"categoryId\":8541,\"remoteShippingFeeChargeable\":false,\"adult\":false,\"rocketDelivery\":false,\"freeDelivery\":false,\"directUse\":false,\"freeOver9800Delivery\":false,\"i18nCouponPrice\":null,\"subscriptionDelivery\":false,\"subscriptionPromotion\":false,\"globalDelivery\":false,\"i18nOriginalPrice\":{\"amount\":\"0\",\"rawAmount\":0,\"fractionDigits\":0,\"currency\":\"KRW\"},\"i18nSubscriptionPrice\":null,\"couPick\":false,\"i18nSalesPrice\":{\"amount\":\"35000\",\"rawAmount\":35000,\"fractionDigits\":0,\"currency\":\"KRW\"},\"i18nMinPrice\":null,\"i18nSubscribeCouponPrice\":null},\"legacyProductId\":1524584,\"bestArea\":{\"sequence\":-1,\"show\":false},\"imageAndTitleArea\":{\"description\":\"\",\"title\":\"베스트네츄럴스 프로바이오틱 유산균 300억 CFU's 브이캡, 120정, 1개\",\"travelUrl\":\"\",\"defaultUrl\":\"//thumbnail.coupangcdn.com/thumbnails/remote/230x230ex/image/vendor_inventory/da5d/35edfcd8a9b508b53c8e84ec0c53b4e96ba2cb490a070a45c13c92b86914.jpg\",\"oriDefaultUrl\":\"vendor_inventory/da5d/35edfcd8a9b508b53c8e84ec0c53b4e96ba2cb490a070a45c13c92b86914.jpg\",\"oriTravelUrl\":\"\",\"oriLocalUrl\":\"\",\"localUrl\":\"\",\"thumbnailUrl\":null,\"isWideImage\":false,\"wideImageUrl\":\"\"},\"priceArea\":{\"originalPrice\":\"0\",\"salesPrice\":\"35,000\",\"lowestPrice\":null,\"instantDiscountPrice\":\"\",\"criteriaPriceInfo\":\"\",\"basePrice\":\"0\",\"price\":\"35,000\",\"discountRate\":0,\"instantDiscountDescription\":\"\",\"shippingFeeDescription\":null,\"showInstantDiscountDescription\":false,\"discountCountDownText\":null,\"discountExpireTime\":null,\"badDiscount\":false,\"i18nOriginalPrice\":{\"amount\":\"0\",\"rawAmount\":null,\"fractionDigits\":0,\"currency\":\"KRW\"},\"i18nLowestPrice\":null,\"i18nSalesPrice\":{\"amount\":\"35000\",\"rawAmount\":null,\"fractionDigits\":0,\"currency\":\"KRW\"},\"i18nPrice\":{\"amount\":\"35000\",\"rawAmount\":null,\"fractionDigits\":0,\"currency\":\"KRW\"},\"discount\":false,\"instantDiscount\":false,\"i18nBasePrice\":{\"amount\":\"0\",\"rawAmount\":null,\"fractionDigits\":0,\"currency\":\"KRW\"},\"i18nInstantDiscountPrice\":null},\"subscriptionPriceArea\":null,\"snsDiscountRate\":-1,\"wowOnlyInstantDiscountRate\":-1,\"bundlePriceArea\":{\"price\":\"292\",\"cnt\":\"1\",\"unitDescription\":\"정\",\"i18nPrice\":{\"amount\":\"292\",\"rawAmount\":null,\"fractionDigits\":0,\"currency\":\"KRW\"}},\"instantDiscountBundlePriceArea\":{\"price\":\"292\",\"cnt\":\"1\",\"unitDescription\":\"정\",\"i18nPrice\":{\"amount\":\"292\",\"rawAmount\":null,\"fractionDigits\":0,\"currency\":\"KRW\"}},\"buyCntArea\":{\"buyCntInBest50\":\"\",\"buyCnt\":\"\",\"showOriginalCnt\":false,\"premium\":false,\"showCnt\":false},\"soldoutArea\":{\"soldOutText\":\"품절\",\"soldout\":false},\"priceTagArea\":{\"css\":\"prod-type discounted-price\",\"title\":\"\",\"discountRate\":\"\"},\"labelArea\":{\"labelAreaContents\":[],\"todayClose\":false},\"badgeArea\":{\"badgeAreaContents\":[]},\"useDateArea\":null,\"uniqueMessageArea\":{\"uniqueMessage\":{\"description\":\"\",\"messages\":[{\"text\":\"\",\"emphasis\":false}]}},\"gaDataArea\":{\"category\":\"\",\"action\":\"\",\"label\":\"\",\"value\":0},\"rocketArea\":{\"badgeImage\":{\"iconUrl\":\"\",\"iconWidth\":0,\"iconHeight\":0},\"show\":false},\"globalArea\":{\"badgeImage\":null,\"countryName\":null,\"show\":false},\"productArea\":{\"product\":true},\"cashBackArea\":{\"iconUrl\":\"https://image.coupangcdn.com/image/badges/cashback/web/list-cash-icon@2x.png\",\"cashRewardText\":\"최대 1,750원 적립\"},\"bestAward\":null,\"ccidEligible\":false,\"ccidArea\":null,\"stampImageInfo\":null,\"cornerTagArea\":null,\"link\":\"/vp/products/1524584?itemId=6642130\u0026vendorItemId=91328572220\u0026sourceType=SDW_TOP_SELLING_WIDGET_V2\u0026searchId=1a76afe61280463\u0026q=유산균\",\"sequence\":8,\"reviewArea\":{\"ratingAverage\":4.5,\"ratingCount\":103,\"ratingRatio\":90},\"deadLineArea\":{\"almostSoldOut\":false,\"deadLineApproach\":false},\"bestPriceArea\":null,\"topBrandArea\":null,\"bizOnlyArea\":null,\"couPickArea\":null,\"attributeCount\":0,\"attributeName\":\"\",\"packageType\":null,\"productCount\":null,\"vendorItemId\":91328572220,\"benefitBadgeArea\":{\"badgeAreaContents\":[]},\"deliveryBadgeArea\":{\"badgeAreaContents\":[]},\"deliverySpeedBadgeArea\":null,\"subscriptionBundlePriceArea\":null,\"bestSellerBadgeArea\":null,\"rocketFreeShippingBadge\":null,\"promisedDeliveryDateArea\":{\"contents\":[{\"text\":\"11/28 \",\"size\":14,\"color\":\"#212B36\",\"bold\":false},{\"text\":\"도착 예정\",\"size\":14,\"color\":\"#212B36\",\"bold\":false}],\"deliveryType\":null,\"deliveryBadgeImage\":null,\"notEmpty\":true},\"shippingInfoArea\":null,\"eligibleFalconArea\":null,\"usedProductArea\":{\"usedProductInfo\":null,\"usedProductPrice\":null,\"usedOnlyItem\":false,\"notDisplay\":false},\"adBadgeArea\":{\"sponsored\":false,\"adzerkLog\":null,\"showSeparator\":false},\"preOrder\":null,\"bundleOptionArea\":null,\"lowStockArea\":null,\"ranking\":null,\"couponNudgeText\":null,\"couponNudgeStyle\":null,\"couponTagArea\":null,\"ab56922IsB\":false,\"ab56923IsB\":false,\"ab92528SrpIsB\":false,\"ab92528PlpIsB\":false,\"badgeReorder\":false,\"luxuryBrandAuthenticityArea\":null,\"luxuryNudgeText\":null,\"fePricingCxType\":null,\"handymanArea\":null,\"lastPurchaseArea\":null,\"rluxBrandNameArea\":{\"show\":false,\"badgeImage\":null,\"brandName\":null,\"rluxAuthText\":null},\"adjustSpacingTarget\":false,\"hideArriveInfo\":false,\"emptyCcidAndCashback\":false,\"isRlux\":false,\"isFarfetch\":false,\"properties\":{\"promiseDeliveryDate\":\"11/28 도착 예정\",\"extendPdd\":false,\"remoteAreaShippingFeeBadge\":\"False\"},\"badges\":null,\"useBadges\":false,\"sponsored\":false,\"collection\":false,\"underGlobalThreshold\":false,\"showPipe\":false,\"showQuickView\":true,\"isCeCategory\":false},{\"index\":{\"legacyProductId\":{\"legacyProductId\":1684124279,\"itemId\":2868580380},\"salesPrice\":21420,\"itemId\":2868580380,\"componentIds\":[],\"subscriptionPrice\":null,\"subscriptionDiscountRate\":null,\"originalSubscriptionDiscountRate\":null,\"subscriptionVendorItemId\":null,\"vendors\":[{\"id\":\"A00010028\",\"countryCode\":\"KR\",\"countryName\":\"대한민국\"}],\"title\":\"인테로 생유산균 프로바이오틱스 밸런스100, 60정, 30g, 1개\",\"productTitle\":\"인테로 생유산균 프로바이오틱스 밸런스100, 60정, 30g, 1개\",\"alternativeTitle\":\"인테로 생유산균 프로바이오틱스 밸런스100\",\"imageUrl\":\"retail/images/541355186543794-60fadfec-2308-48c1-a038-ba61556f8fce.jpg\",\"imageMainUrl\":\"retail/images/541355186543794-60fadfec-2308-48c1-a038-ba61556f8fce.jpg\",\"deliveryType\":\"ROCKET\",\"deliveryInfo\":{\"remoteAreaDeliverable\":true,\"remoteArea\":null,\"outboundShippingTime\":24,\"outboundShippingPlaceId\":0,\"logisticType\":\"ROCKET\",\"isLogistics\":true,\"freeShipOverAmountEx\":{\"currency\":\"KRW\",\"amount\":19800},\"finalFreeShipOverAmountEx\":{\"currency\":\"KRW\",\"amount\":19800},\"deliveryType\":\"FAST\",\"deliveryMethod\":\"SEQUENCIAL\",\"deliveryCompanyName\":\"쿠친\",\"deliveryCompanyCode\":\"COUPANG\",\"deliveryChargeOnReturnEx\":{\"currency\":\"KRW\",\"amount\":0},\"deliveryChargeEx\":{\"currency\":\"KRW\",\"amount\":2500},\"batchShipment\":true},\"minPrice\":null,\"originalPrice\":36500,\"discountRate\":41,\"linkcodes\":[],\"sellingStatusType\":null,\"attributeCount\":0,\"attributeName\":null,\"productType\":\"PRODUCT\",\"itemImages\":null,\"defaultExposure\":false,\"trackingCodeMain\":null,\"trackingCodeSub\":null,\"reviewRatingAverage\":5,\"reviewRatingCount\":1332,\"sectionContent\":null,\"hasUnitPriceInfo\":false,\"unitPriceInfo\":null,\"latLngs\":null,\"categoryBestIds\":null,\"debugInfo\":null,\"packageType\":null,\"bestPrice\":false,\"rocketWow\":false,\"rocketFresh\":false,\"pricePrefix\":\"\",\"priceDescription\":null,\"discountedDescription\":\"\",\"subscribeCouponPrice\":null,\"unitPrice\":{\"amount\":1,\"extendedPrice\":{\"money\":{\"amount\":357,\"currency\":\"KRW\"},\"offset\":0},\"priceEx\":{\"amount\":357,\"currency\":\"KRW\"},\"unit\":\"정\"},\"subscribeUnitPrice\":null,\"badges\":[{\"attributeByKey\":{},\"id\":\"CASH_AMASSMENT\",\"text\":\"135원 캐시 적립\",\"type\":\"BENEFIT\"},{\"attributeByKey\":{},\"id\":\"ROCKET_CASH_REWARD\",\"text\":\"최대 1,071원 적립\",\"type\":\"ROCKET_REWARD\"},{\"attributeByKey\":{},\"id\":\"ROCKET\",\"text\":null,\"type\":\"SHIPPINGTYPE\"}],\"brands\":[\"인테로\"],\"brandIds\":[\"61344\"],\"benefits\":null,\"subscribeBenefits\":null,\"falconDeliveryType\":null,\"falconDeliveryDate\":null,\"promisedDeliveryDate\":[{\"bold\":false,\"color\":\"#008C00\",\"size\":14,\"text\":\"내일(금) \"},{\"bold\":false,\"color\":\"#008C00\",\"size\":14,\"text\":\"도착 보장\"}],\"promisedDeliveryDateExpressions\":{\"STANDARD\":{\"cutOffDateUTC\":\"2025-11-20T15:00:00.000Z\",\"expressions\":[{\"bold\":false,\"color\":\"#008C00\",\"size\":14,\"text\":\"내일(금) \"},{\"bold\":false,\"color\":\"#008C00\",\"size\":14,\"text\":\"도착 보장\"}],\"pddUTC\":\"2025-11-21T14:59:59.000Z\"}},\"dateInfo\":null,\"hasNewItem\":true,\"sponsored\":false,\"logging\":null,\"usedProductInfo\":null,\"usedProductPrice\":null,\"usedOnlyItem\":false,\"detailPriceInfos\":[{\"quantity\":1,\"priceType\":\"FINAL_PRICE\",\"price\":21420,\"priceWithDeliveryFee\":21420,\"discountType\":null,\"discountRate\":41,\"priceBasedDiscountRate\":41,\"promotionBadgeTexts\":{},\"discountAmount\":0,\"description\":\"\",\"unitPrice\":{\"amount\":1,\"extendedPrice\":{\"money\":{\"amount\":357,\"currency\":\"KRW\"},\"offset\":0},\"priceEx\":{\"amount\":357,\"currency\":\"KRW\"},\"unit\":\"정\"},\"unitPriceWithDeliveryFee\":{\"amount\":1,\"extendedPrice\":{\"money\":{\"amount\":357,\"currency\":\"KRW\"},\"offset\":0},\"priceEx\":null,\"unit\":\"정\"},\"eligibilityConditions\":{},\"priceEx\":null,\"manageCode\":null,\"expiryDate\":null,\"membershipType\":null,\"paymentMethodId\":null,\"paymentMethodDescription\":null,\"cardIdentificationType\":null,\"cardBrand\":null,\"cardCode\":null,\"cardType\":null,\"i18nDiscountAmount\":{\"amount\":\"0\",\"rawAmount\":0,\"fractionDigits\":0,\"currency\":\"KRW\"},\"percentageDiscount\":false,\"i18nPrice\":{\"amount\":\"21420\",\"rawAmount\":21420,\"fractionDigits\":0,\"currency\":\"KRW\"},\"fixedDiscount\":false},{\"quantity\":1,\"priceType\":\"DELIVERY_BUNDLE_REWARD_CASH\",\"price\":214,\"priceWithDeliveryFee\":0,\"discountType\":\"PERCENTAGE\",\"discountRate\":1,\"priceBasedDiscountRate\":null,\"promotionBadgeTexts\":{},\"discountAmount\":214,\"description\":\"쿠페이 머니 결제 시 1% 적립\",\"unitPrice\":null,\"unitPriceWithDeliveryFee\":null,\"eligibilityConditions\":{\"USER_BUDGET\":[\"10000\"],\"USER_BUDGET_I18N\":[\"{\\\"currencyCode\\\":\\\"KRW\\\",\\\"units\\\":10000,\\\"nanos\\\":0}\"]},\"priceEx\":null,\"manageCode\":\"COUPAY_MONEY_CASHBACK\",\"expiryDate\":4070962799000,\"membershipType\":null,\"paymentMethodId\":null,\"paymentMethodDescription\":null,\"cardIdentificationType\":null,\"cardBrand\":null,\"cardCode\":null,\"cardType\":null,\"i18nDiscountAmount\":{\"amount\":\"214\",\"rawAmount\":214,\"fractionDigits\":0,\"currency\":\"KRW\"},\"percentageDiscount\":true,\"i18nPrice\":{\"amount\":\"214\",\"rawAmount\":214,\"fractionDigits\":0,\"currency\":\"KRW\"},\"fixedDiscount\":false},{\"quantity\":1,\"priceType\":\"ANCHOR_PRICE\",\"price\":36500,\"priceWithDeliveryFee\":36500,\"discountType\":null,\"discountRate\":null,\"priceBasedDiscountRate\":null,\"promotionBadgeTexts\":{},\"discountAmount\":0,\"description\":null,\"unitPrice\":{\"amount\":1,\"extendedPrice\":{\"money\":{\"amount\":608,\"currency\":\"KRW\"},\"offset\":0},\"priceEx\":{\"amount\":608,\"currency\":\"KRW\"},\"unit\":\"정\"},\"unitPriceWithDeliveryFee\":{\"amount\":1,\"extendedPrice\":{\"money\":{\"amount\":608,\"currency\":\"KRW\"},\"offset\":0},\"priceEx\":null,\"unit\":\"정\"},\"eligibilityConditions\":{},\"priceEx\":null,\"manageCode\":null,\"expiryDate\":null,\"membershipType\":null,\"paymentMethodId\":null,\"paymentMethodDescription\":null,\"cardIdentificationType\":null,\"cardBrand\":null,\"cardCode\":null,\"cardType\":null,\"i18nDiscountAmount\":{\"amount\":\"0\",\"rawAmount\":0,\"fractionDigits\":0,\"currency\":\"KRW\"},\"percentageDiscount\":false,\"i18nPrice\":{\"amount\":\"36500\",\"rawAmount\":36500,\"fractionDigits\":0,\"currency\":\"KRW\"},\"fixedDiscount\":false},{\"quantity\":1,\"priceType\":\"ORIGINAL\",\"price\":36500,\"priceWithDeliveryFee\":36500,\"discountType\":null,\"discountRate\":null,\"priceBasedDiscountRate\":null,\"promotionBadgeTexts\":{},\"discountAmount\":0,\"description\":null,\"unitPrice\":{\"amount\":1,\"extendedPrice\":{\"money\":{\"amount\":608,\"currency\":\"KRW\"},\"offset\":0},\"priceEx\":{\"amount\":608,\"currency\":\"KRW\"},\"unit\":\"정\"},\"unitPriceWithDeliveryFee\":{\"amount\":1,\"extendedPrice\":{\"money\":{\"amount\":608,\"currency\":\"KRW\"},\"offset\":0},\"priceEx\":null,\"unit\":\"정\"},\"eligibilityConditions\":{},\"priceEx\":null,\"manageCode\":null,\"expiryDate\":null,\"membershipType\":null,\"paymentMethodId\":null,\"paymentMethodDescription\":null,\"cardIdentificationType\":null,\"cardBrand\":null,\"cardCode\":null,\"cardType\":null,\"i18nDiscountAmount\":{\"amount\":\"0\",\"rawAmount\":0,\"fractionDigits\":0,\"currency\":\"KRW\"},\"percentageDiscount\":false,\"i18nPrice\":{\"amount\":\"36500\",\"rawAmount\":36500,\"fractionDigits\":0,\"currency\":\"KRW\"},\"fixedDiscount\":false},{\"quantity\":1,\"priceType\":\"GIFTING_REWARD_CASH\",\"price\":214,\"priceWithDeliveryFee\":0,\"discountType\":\"PERCENTAGE\",\"discountRate\":null,\"priceBasedDiscountRate\":null,\"promotionBadgeTexts\":{},\"discountAmount\":214,\"description\":\"로켓 선물하기 이용 시 1% 적립\",\"unitPrice\":null,\"unitPriceWithDeliveryFee\":null,\"eligibilityConditions\":{\"USER_BUDGET\":[\"50000\"],\"USER_BUDGET_I18N\":[\"{\\\"currencyCode\\\":\\\"KRW\\\",\\\"units\\\":50000,\\\"nanos\\\":0}\"]},\"priceEx\":null,\"manageCode\":\"cashback_gifting_1off\",\"expiryDate\":null,\"membershipType\":null,\"paymentMethodId\":null,\"paymentMethodDescription\":null,\"cardIdentificationType\":null,\"cardBrand\":null,\"cardCode\":null,\"cardType\":null,\"i18nDiscountAmount\":{\"amount\":\"214\",\"rawAmount\":214,\"fractionDigits\":0,\"currency\":\"KRW\"},\"percentageDiscount\":true,\"i18nPrice\":{\"amount\":\"214\",\"rawAmount\":214,\"fractionDigits\":0,\"currency\":\"KRW\"},\"fixedDiscount\":false},{\"quantity\":1,\"priceType\":\"SALES\",\"price\":21420,\"priceWithDeliveryFee\":21420,\"discountType\":null,\"discountRate\":41,\"priceBasedDiscountRate\":41,\"promotionBadgeTexts\":{},\"discountAmount\":0,\"description\":\"쿠팡판매가\",\"unitPrice\":{\"amount\":1,\"extendedPrice\":{\"money\":{\"amount\":357,\"currency\":\"KRW\"},\"offset\":0},\"priceEx\":{\"amount\":357,\"currency\":\"KRW\"},\"unit\":\"정\"},\"unitPriceWithDeliveryFee\":{\"amount\":1,\"extendedPrice\":{\"money\":{\"amount\":357,\"currency\":\"KRW\"},\"offset\":0},\"priceEx\":null,\"unit\":\"정\"},\"eligibilityConditions\":{},\"priceEx\":null,\"manageCode\":null,\"expiryDate\":null,\"membershipType\":null,\"paymentMethodId\":null,\"paymentMethodDescription\":null,\"cardIdentificationType\":null,\"cardBrand\":null,\"cardCode\":null,\"cardType\":null,\"i18nDiscountAmount\":{\"amount\":\"0\",\"rawAmount\":0,\"fractionDigits\":0,\"currency\":\"KRW\"},\"percentageDiscount\":false,\"i18nPrice\":{\"amount\":\"21420\",\"rawAmount\":21420,\"fractionDigits\":0,\"currency\":\"KRW\"},\"fixedDiscount\":false},{\"quantity\":1,\"priceType\":\"REWARD_CASH\",\"price\":135,\"priceWithDeliveryFee\":0,\"discountType\":\"FIXED\",\"discountRate\":null,\"priceBasedDiscountRate\":null,\"promotionBadgeTexts\":{},\"discountAmount\":135,\"description\":\"135원 캐시 적립\",\"unitPrice\":null,\"unitPriceWithDeliveryFee\":null,\"eligibilityConditions\":{\"ROCKET_CLUB_STATUS\":[]},\"priceEx\":null,\"manageCode\":\"retail_cashback_pricing_2025-11-19-10-34-01_24852911556_70857801806\",\"expiryDate\":1779154441000,\"membershipType\":null,\"paymentMethodId\":null,\"paymentMethodDescription\":null,\"cardIdentificationType\":null,\"cardBrand\":null,\"cardCode\":null,\"cardType\":null,\"i18nDiscountAmount\":{\"amount\":\"135\",\"rawAmount\":135,\"fractionDigits\":0,\"currency\":\"KRW\"},\"percentageDiscount\":false,\"i18nPrice\":{\"amount\":\"135\",\"rawAmount\":135,\"fractionDigits\":0,\"currency\":\"KRW\"},\"fixedDiscount\":true}],\"priceByMemberStatus\":{\"NOT_MEMBER\":[{\"quantity\":1,\"priceType\":\"FINAL_PRICE\",\"price\":21420,\"priceWithDeliveryFee\":21420,\"discountType\":null,\"discountRate\":41,\"priceBasedDiscountRate\":41,\"promotionBadgeTexts\":{},\"discountAmount\":0,\"description\":\"\",\"unitPrice\":{\"amount\":1,\"extendedPrice\":{\"money\":{\"amount\":357,\"currency\":\"KRW\"},\"offset\":0},\"priceEx\":{\"amount\":357,\"currency\":\"KRW\"},\"unit\":\"정\"},\"unitPriceWithDeliveryFee\":{\"amount\":1,\"extendedPrice\":{\"money\":{\"amount\":357,\"currency\":\"KRW\"},\"offset\":0},\"priceEx\":null,\"unit\":\"정\"},\"eligibilityConditions\":{},\"priceEx\":null,\"manageCode\":null,\"expiryDate\":null,\"membershipType\":null,\"paymentMethodId\":null,\"paymentMethodDescription\":null,\"cardIdentificationType\":null,\"cardBrand\":null,\"cardCode\":null,\"cardType\":null,\"i18nDiscountAmount\":{\"amount\":\"0\",\"rawAmount\":0,\"fractionDigits\":0,\"currency\":\"KRW\"},\"percentageDiscount\":false,\"i18nPrice\":{\"amount\":\"21420\",\"rawAmount\":21420,\"fractionDigits\":0,\"currency\":\"KRW\"},\"fixedDiscount\":false},{\"quantity\":1,\"priceType\":\"DELIVERY_BUNDLE_REWARD_CASH\",\"price\":214,\"priceWithDeliveryFee\":0,\"discountType\":\"PERCENTAGE\",\"discountRate\":1,\"priceBasedDiscountRate\":null,\"promotionBadgeTexts\":{},\"discountAmount\":214,\"description\":\"쿠페이 머니 결제 시 1% 적립\",\"unitPrice\":null,\"unitPriceWithDeliveryFee\":null,\"eligibilityConditions\":{\"USER_BUDGET\":[\"10000\"],\"USER_BUDGET_I18N\":[\"{\\\"currencyCode\\\":\\\"KRW\\\",\\\"units\\\":10000,\\\"nanos\\\":0}\"]},\"priceEx\":null,\"manageCode\":\"COUPAY_MONEY_CASHBACK\",\"expiryDate\":4070962799000,\"membershipType\":null,\"paymentMethodId\":null,\"paymentMethodDescription\":null,\"cardIdentificationType\":null,\"cardBrand\":null,\"cardCode\":null,\"cardType\":null,\"i18nDiscountAmount\":{\"amount\":\"214\",\"rawAmount\":214,\"fractionDigits\":0,\"currency\":\"KRW\"},\"percentageDiscount\":true,\"i18nPrice\":{\"amount\":\"214\",\"rawAmount\":214,\"fractionDigits\":0,\"currency\":\"KRW\"},\"fixedDiscount\":false},{\"quantity\":1,\"priceType\":\"ANCHOR_PRICE\",\"price\":36500,\"priceWithDeliveryFee\":36500,\"discountType\":null,\"discountRate\":null,\"priceBasedDiscountRate\":null,\"promotionBadgeTexts\":{},\"discountAmount\":0,\"description\":null,\"unitPrice\":{\"amount\":1,\"extendedPrice\":{\"money\":{\"amount\":608,\"currency\":\"KRW\"},\"offset\":0},\"priceEx\":{\"amount\":608,\"currency\":\"KRW\"},\"unit\":\"정\"},\"unitPriceWithDeliveryFee\":{\"amount\":1,\"extendedPrice\":{\"money\":{\"amount\":608,\"currency\":\"KRW\"},\"offset\":0},\"priceEx\":null,\"unit\":\"정\"},\"eligibilityConditions\":{},\"priceEx\":null,\"manageCode\":null,\"expiryDate\":null,\"membershipType\":null,\"paymentMethodId\":null,\"paymentMethodDescription\":null,\"cardIdentificationType\":null,\"cardBrand\":null,\"cardCode\":null,\"cardType\":null,\"i18nDiscountAmount\":{\"amount\":\"0\",\"rawAmount\":0,\"fractionDigits\":0,\"currency\":\"KRW\"},\"percentageDiscount\":false,\"i18nPrice\":{\"amount\":\"36500\",\"rawAmount\":36500,\"fractionDigits\":0,\"currency\":\"KRW\"},\"fixedDiscount\":false},{\"quantity\":1,\"priceType\":\"ORIGINAL\",\"price\":36500,\"priceWithDeliveryFee\":36500,\"discountType\":null,\"discountRate\":null,\"priceBasedDiscountRate\":null,\"promotionBadgeTexts\":{},\"discountAmount\":0,\"description\":null,\"unitPrice\":{\"amount\":1,\"extendedPrice\":{\"money\":{\"amount\":608,\"currency\":\"KRW\"},\"offset\":0},\"priceEx\":{\"amount\":608,\"currency\":\"KRW\"},\"unit\":\"정\"},\"unitPriceWithDeliveryFee\":{\"amount\":1,\"extendedPrice\":{\"money\":{\"amount\":608,\"currency\":\"KRW\"},\"offset\":0},\"priceEx\":null,\"unit\":\"정\"},\"eligibilityConditions\":{},\"priceEx\":null,\"manageCode\":null,\"expiryDate\":null,\"membershipType\":null,\"paymentMethodId\":null,\"paymentMethodDescription\":null,\"cardIdentificationType\":null,\"cardBrand\":null,\"cardCode\":null,\"cardType\":null,\"i18nDiscountAmount\":{\"amount\":\"0\",\"rawAmount\":0,\"fractionDigits\":0,\"currency\":\"KRW\"},\"percentageDiscount\":false,\"i18nPrice\":{\"amount\":\"36500\",\"rawAmount\":36500,\"fractionDigits\":0,\"currency\":\"KRW\"},\"fixedDiscount\":false},{\"quantity\":1,\"priceType\":\"GIFTING_REWARD_CASH\",\"price\":214,\"priceWithDeliveryFee\":0,\"discountType\":\"PERCENTAGE\",\"discountRate\":null,\"priceBasedDiscountRate\":null,\"promotionBadgeTexts\":{},\"discountAmount\":214,\"description\":\"로켓 선물하기 이용 시 1% 적립\",\"unitPrice\":null,\"unitPriceWithDeliveryFee\":null,\"eligibilityConditions\":{\"USER_BUDGET\":[\"50000\"],\"USER_BUDGET_I18N\":[\"{\\\"currencyCode\\\":\\\"KRW\\\",\\\"units\\\":50000,\\\"nanos\\\":0}\"]},\"priceEx\":null,\"manageCode\":\"cashback_gifting_1off\",\"expiryDate\":null,\"membershipType\":null,\"paymentMethodId\":null,\"paymentMethodDescription\":null,\"cardIdentificationType\":null,\"cardBrand\":null,\"cardCode\":null,\"cardType\":null,\"i18nDiscountAmount\":{\"amount\":\"214\",\"rawAmount\":214,\"fractionDigits\":0,\"currency\":\"KRW\"},\"percentageDiscount\":true,\"i18nPrice\":{\"amount\":\"214\",\"rawAmount\":214,\"fractionDigits\":0,\"currency\":\"KRW\"},\"fixedDiscount\":false},{\"quantity\":1,\"priceType\":\"SALES\",\"price\":21420,\"priceWithDeliveryFee\":21420,\"discountType\":null,\"discountRate\":41,\"priceBasedDiscountRate\":41,\"promotionBadgeTexts\":{},\"discountAmount\":0,\"description\":\"쿠팡판매가\",\"unitPrice\":{\"amount\":1,\"extendedPrice\":{\"money\":{\"amount\":357,\"currency\":\"KRW\"},\"offset\":0},\"priceEx\":{\"amount\":357,\"currency\":\"KRW\"},\"unit\":\"정\"},\"unitPriceWithDeliveryFee\":{\"amount\":1,\"extendedPrice\":{\"money\":{\"amount\":357,\"currency\":\"KRW\"},\"offset\":0},\"priceEx\":null,\"unit\":\"정\"},\"eligibilityConditions\":{},\"priceEx\":null,\"manageCode\":null,\"expiryDate\":null,\"membershipType\":null,\"paymentMethodId\":null,\"paymentMethodDescription\":null,\"cardIdentificationType\":null,\"cardBrand\":null,\"cardCode\":null,\"cardType\":null,\"i18nDiscountAmount\":{\"amount\":\"0\",\"rawAmount\":0,\"fractionDigits\":0,\"currency\":\"KRW\"},\"percentageDiscount\":false,\"i18nPrice\":{\"amount\":\"21420\",\"rawAmount\":21420,\"fractionDigits\":0,\"currency\":\"KRW\"},\"fixedDiscount\":false},{\"quantity\":1,\"priceType\":\"REWARD_CASH\",\"price\":135,\"priceWithDeliveryFee\":0,\"discountType\":\"FIXED\",\"discountRate\":null,\"priceBasedDiscountRate\":null,\"promotionBadgeTexts\":{},\"discountAmount\":135,\"description\":\"135원 캐시 적립\",\"unitPrice\":null,\"unitPriceWithDeliveryFee\":null,\"eligibilityConditions\":{\"ROCKET_CLUB_STATUS\":[]},\"priceEx\":null,\"manageCode\":\"retail_cashback_pricing_2025-11-19-10-34-01_24852911556_70857801806\",\"expiryDate\":1779154441000,\"membershipType\":null,\"paymentMethodId\":null,\"paymentMethodDescription\":null,\"cardIdentificationType\":null,\"cardBrand\":null,\"cardCode\":null,\"cardType\":null,\"i18nDiscountAmount\":{\"amount\":\"135\",\"rawAmount\":135,\"fractionDigits\":0,\"currency\":\"KRW\"},\"percentageDiscount\":false,\"i18nPrice\":{\"amount\":\"135\",\"rawAmount\":135,\"fractionDigits\":0,\"currency\":\"KRW\"},\"fixedDiscount\":true}],\"MEMBER\":[{\"quantity\":1,\"priceType\":\"FINAL_PRICE\",\"price\":21420,\"priceWithDeliveryFee\":21420,\"discountType\":null,\"discountRate\":41,\"priceBasedDiscountRate\":41,\"promotionBadgeTexts\":{},\"discountAmount\":0,\"description\":\"\",\"unitPrice\":{\"amount\":1,\"extendedPrice\":{\"money\":{\"amount\":357,\"currency\":\"KRW\"},\"offset\":0},\"priceEx\":{\"amount\":357,\"currency\":\"KRW\"},\"unit\":\"정\"},\"unitPriceWithDeliveryFee\":{\"amount\":1,\"extendedPrice\":{\"money\":{\"amount\":357,\"currency\":\"KRW\"},\"offset\":0},\"priceEx\":null,\"unit\":\"정\"},\"eligibilityConditions\":{},\"priceEx\":null,\"manageCode\":null,\"expiryDate\":null,\"membershipType\":null,\"paymentMethodId\":null,\"paymentMethodDescription\":null,\"cardIdentificationType\":null,\"cardBrand\":null,\"cardCode\":null,\"cardType\":null,\"i18nDiscountAmount\":{\"amount\":\"0\",\"rawAmount\":0,\"fractionDigits\":0,\"currency\":\"KRW\"},\"percentageDiscount\":false,\"i18nPrice\":{\"amount\":\"21420\",\"rawAmount\":21420,\"fractionDigits\":0,\"currency\":\"KRW\"},\"fixedDiscount\":false},{\"quantity\":1,\"priceType\":\"DELIVERY_BUNDLE_REWARD_CASH\",\"price\":214,\"priceWithDeliveryFee\":0,\"discountType\":\"PERCENTAGE\",\"discountRate\":1,\"priceBasedDiscountRate\":null,\"promotionBadgeTexts\":{},\"discountAmount\":214,\"description\":\"쿠페이 머니 결제 시 1% 적립\",\"unitPrice\":null,\"unitPriceWithDeliveryFee\":null,\"eligibilityConditions\":{\"USER_BUDGET\":[\"10000\"],\"USER_BUDGET_I18N\":[\"{\\\"currencyCode\\\":\\\"KRW\\\",\\\"units\\\":10000,\\\"nanos\\\":0}\"]},\"priceEx\":null,\"manageCode\":\"COUPAY_MONEY_CASHBACK\",\"expiryDate\":4070962799000,\"membershipType\":null,\"paymentMethodId\":null,\"paymentMethodDescription\":null,\"cardIdentificationType\":null,\"cardBrand\":null,\"cardCode\":null,\"cardType\":null,\"i18nDiscountAmount\":{\"amount\":\"214\",\"rawAmount\":214,\"fractionDigits\":0,\"currency\":\"KRW\"},\"percentageDiscount\":true,\"i18nPrice\":{\"amount\":\"214\",\"rawAmount\":214,\"fractionDigits\":0,\"currency\":\"KRW\"},\"fixedDiscount\":false},{\"quantity\":1,\"priceType\":\"ROCKET_WOW_COUPAY_MONEY_REWARD_CASH\",\"price\":857,\"priceWithDeliveryFee\":0,\"discountType\":\"PERCENTAGE\",\"discountRate\":4,\"priceBasedDiscountRate\":null,\"promotionBadgeTexts\":{},\"discountAmount\":857,\"description\":\"[로켓와우 + 쿠페이 머니] 결제 시 4% 추가적립\",\"unitPrice\":null,\"unitPriceWithDeliveryFee\":null,\"eligibilityConditions\":{\"USER_BUDGET\":[\"40000\"],\"ELIGIBILITY_DAYS\":[\"30\"],\"USER_BUDGET_I18N\":[\"{\\\"currencyCode\\\":\\\"KRW\\\",\\\"units\\\":40000,\\\"nanos\\\":0}\"]},\"priceEx\":null,\"manageCode\":\"ROCKETWOW_COUPAY_MONEY_CASHBACK_JUN2019\",\"expiryDate\":1930003200000,\"membershipType\":null,\"paymentMethodId\":null,\"paymentMethodDescription\":null,\"cardIdentificationType\":null,\"cardBrand\":null,\"cardCode\":null,\"cardType\":null,\"i18nDiscountAmount\":{\"amount\":\"857\",\"rawAmount\":857,\"fractionDigits\":0,\"currency\":\"KRW\"},\"percentageDiscount\":true,\"i18nPrice\":{\"amount\":\"857\",\"rawAmount\":857,\"fractionDigits\":0,\"currency\":\"KRW\"},\"fixedDiscount\":false},{\"quantity\":1,\"priceType\":\"ROCKET_WOW_COUPAY_BANK_REWARD_CASH\",\"price\":428,\"priceWithDeliveryFee\":0,\"discountType\":\"PERCENTAGE\",\"discountRate\":2,\"priceBasedDiscountRate\":null,\"promotionBadgeTexts\":{},\"discountAmount\":428,\"description\":\"[로켓와우 + 쿠페이 계좌이체] 결제 시 2% 적립\",\"unitPrice\":null,\"unitPriceWithDeliveryFee\":null,\"eligibilityConditions\":{\"USER_BUDGET\":[\"20000\"],\"ELIGIBILITY_DAYS\":[\"30\"],\"USER_BUDGET_I18N\":[\"{\\\"currencyCode\\\":\\\"KRW\\\",\\\"units\\\":20000,\\\"nanos\\\":0}\"]},\"priceEx\":null,\"manageCode\":\"ROCKETWOW_COUPAY_BANK_CASHBACK_JUN2019\",\"expiryDate\":1930003200000,\"membershipType\":null,\"paymentMethodId\":null,\"paymentMethodDescription\":null,\"cardIdentificationType\":null,\"cardBrand\":null,\"cardCode\":null,\"cardType\":null,\"i18nDiscountAmount\":{\"amount\":\"428\",\"rawAmount\":428,\"fractionDigits\":0,\"currency\":\"KRW\"},\"percentageDiscount\":true,\"i18nPrice\":{\"amount\":\"428\",\"rawAmount\":428,\"fractionDigits\":0,\"currency\":\"KRW\"},\"fixedDiscount\":false},{\"quantity\":1,\"priceType\":\"ANCHOR_PRICE\",\"price\":36500,\"priceWithDeliveryFee\":36500,\"discountType\":null,\"discountRate\":null,\"priceBasedDiscountRate\":null,\"promotionBadgeTexts\":{},\"discountAmount\":0,\"description\":null,\"unitPrice\":{\"amount\":1,\"extendedPrice\":{\"money\":{\"amount\":608,\"currency\":\"KRW\"},\"offset\":0},\"priceEx\":{\"amount\":608,\"currency\":\"KRW\"},\"unit\":\"정\"},\"unitPriceWithDeliveryFee\":{\"amount\":1,\"extendedPrice\":{\"money\":{\"amount\":608,\"currency\":\"KRW\"},\"offset\":0},\"priceEx\":null,\"unit\":\"정\"},\"eligibilityConditions\":{},\"priceEx\":null,\"manageCode\":null,\"expiryDate\":null,\"membershipType\":null,\"paymentMethodId\":null,\"paymentMethodDescription\":null,\"cardIdentificationType\":null,\"cardBrand\":null,\"cardCode\":null,\"cardType\":null,\"i18nDiscountAmount\":{\"amount\":\"0\",\"rawAmount\":0,\"fractionDigits\":0,\"currency\":\"KRW\"},\"percentageDiscount\":false,\"i18nPrice\":{\"amount\":\"36500\",\"rawAmount\":36500,\"fractionDigits\":0,\"currency\":\"KRW\"},\"fixedDiscount\":false},{\"quantity\":1,\"priceType\":\"ORIGINAL\",\"price\":36500,\"priceWithDeliveryFee\":36500,\"discountType\":null,\"discountRate\":null,\"priceBasedDiscountRate\":null,\"promotionBadgeTexts\":{},\"discountAmount\":0,\"description\":null,\"unitPrice\":{\"amount\":1,\"extendedPrice\":{\"money\":{\"amount\":608,\"currency\":\"KRW\"},\"offset\":0},\"priceEx\":{\"amount\":608,\"currency\":\"KRW\"},\"unit\":\"정\"},\"unitPriceWithDeliveryFee\":{\"amount\":1,\"extendedPrice\":{\"money\":{\"amount\":608,\"currency\":\"KRW\"},\"offset\":0},\"priceEx\":null,\"unit\":\"정\"},\"eligibilityConditions\":{},\"priceEx\":null,\"manageCode\":null,\"expiryDate\":null,\"membershipType\":null,\"paymentMethodId\":null,\"paymentMethodDescription\":null,\"cardIdentificationType\":null,\"cardBrand\":null,\"cardCode\":null,\"cardType\":null,\"i18nDiscountAmount\":{\"amount\":\"0\",\"rawAmount\":0,\"fractionDigits\":0,\"currency\":\"KRW\"},\"percentageDiscount\":false,\"i18nPrice\":{\"amount\":\"36500\",\"rawAmount\":36500,\"fractionDigits\":0,\"currency\":\"KRW\"},\"fixedDiscount\":false},{\"quantity\":1,\"priceType\":\"GIFTING_REWARD_CASH\",\"price\":214,\"priceWithDeliveryFee\":0,\"discountType\":\"PERCENTAGE\",\"discountRate\":null,\"priceBasedDiscountRate\":null,\"promotionBadgeTexts\":{},\"discountAmount\":214,\"description\":\"로켓 선물하기 이용 시 1% 적립\",\"unitPrice\":null,\"unitPriceWithDeliveryFee\":null,\"eligibilityConditions\":{\"USER_BUDGET\":[\"50000\"],\"USER_BUDGET_I18N\":[\"{\\\"currencyCode\\\":\\\"KRW\\\",\\\"units\\\":50000,\\\"nanos\\\":0}\"]},\"priceEx\":null,\"manageCode\":\"cashback_gifting_1off\",\"expiryDate\":null,\"membershipType\":null,\"paymentMethodId\":null,\"paymentMethodDescription\":null,\"cardIdentificationType\":null,\"cardBrand\":null,\"cardCode\":null,\"cardType\":null,\"i18nDiscountAmount\":{\"amount\":\"214\",\"rawAmount\":214,\"fractionDigits\":0,\"currency\":\"KRW\"},\"percentageDiscount\":true,\"i18nPrice\":{\"amount\":\"214\",\"rawAmount\":214,\"fractionDigits\":0,\"currency\":\"KRW\"},\"fixedDiscount\":false},{\"quantity\":1,\"priceType\":\"SALES\",\"price\":21420,\"priceWithDeliveryFee\":21420,\"discountType\":null,\"discountRate\":41,\"priceBasedDiscountRate\":41,\"promotionBadgeTexts\":{},\"discountAmount\":0,\"description\":\"쿠팡판매가\",\"unitPrice\":{\"amount\":1,\"extendedPrice\":{\"money\":{\"amount\":357,\"currency\":\"KRW\"},\"offset\":0},\"priceEx\":{\"amount\":357,\"currency\":\"KRW\"},\"unit\":\"정\"},\"unitPriceWithDeliveryFee\":{\"amount\":1,\"extendedPrice\":{\"money\":{\"amount\":357,\"currency\":\"KRW\"},\"offset\":0},\"priceEx\":null,\"unit\":\"정\"},\"eligibilityConditions\":{},\"priceEx\":null,\"manageCode\":null,\"expiryDate\":null,\"membershipType\":null,\"paymentMethodId\":null,\"paymentMethodDescription\":null,\"cardIdentificationType\":null,\"cardBrand\":null,\"cardCode\":null,\"cardType\":null,\"i18nDiscountAmount\":{\"amount\":\"0\",\"rawAmount\":0,\"fractionDigits\":0,\"currency\":\"KRW\"},\"percentageDiscount\":false,\"i18nPrice\":{\"amount\":\"21420\",\"rawAmount\":21420,\"fractionDigits\":0,\"currency\":\"KRW\"},\"fixedDiscount\":false},{\"quantity\":1,\"priceType\":\"REWARD_CASH\",\"price\":135,\"priceWithDeliveryFee\":0,\"discountType\":\"FIXED\",\"discountRate\":null,\"priceBasedDiscountRate\":null,\"promotionBadgeTexts\":{},\"discountAmount\":135,\"description\":\"135원 캐시 적립\",\"unitPrice\":null,\"unitPriceWithDeliveryFee\":null,\"eligibilityConditions\":{\"ROCKET_CLUB_STATUS\":[]},\"priceEx\":null,\"manageCode\":\"retail_cashback_pricing_2025-11-19-10-34-01_24852911556_70857801806\",\"expiryDate\":1779154441000,\"membershipType\":null,\"paymentMethodId\":null,\"paymentMethodDescription\":null,\"cardIdentificationType\":null,\"cardBrand\":null,\"cardCode\":null,\"cardType\":null,\"i18nDiscountAmount\":{\"amount\":\"135\",\"rawAmount\":135,\"fractionDigits\":0,\"currency\":\"KRW\"},\"percentageDiscount\":false,\"i18nPrice\":{\"amount\":\"135\",\"rawAmount\":135,\"fractionDigits\":0,\"currency\":\"KRW\"},\"fixedDiscount\":true},{\"quantity\":1,\"priceType\":\"WOW_ONLY_REWARD_CASH\",\"price\":860,\"priceWithDeliveryFee\":0,\"discountType\":\"FIXED\",\"discountRate\":null,\"priceBasedDiscountRate\":null,\"promotionBadgeTexts\":{},\"discountAmount\":860,\"description\":\"860원 캐시 적립\",\"unitPrice\":null,\"unitPriceWithDeliveryFee\":null,\"eligibilityConditions\":{\"ROCKET_CLUB_STATUS\":[\"TRIAL\",\"MEMBER\"]},\"priceEx\":null,\"manageCode\":\"retail_cashback_pricing_WOW_2025-11-19-10-34-01_24852911556_70857801806\",\"expiryDate\":1779154441000,\"membershipType\":null,\"paymentMethodId\":null,\"paymentMethodDescription\":null,\"cardIdentificationType\":null,\"cardBrand\":null,\"cardCode\":null,\"cardType\":null,\"i18nDiscountAmount\":{\"amount\":\"860\",\"rawAmount\":860,\"fractionDigits\":0,\"currency\":\"KRW\"},\"percentageDiscount\":false,\"i18nPrice\":{\"amount\":\"860\",\"rawAmount\":860,\"fractionDigits\":0,\"currency\":\"KRW\"},\"fixedDiscount\":true}]},\"paymentMethodPricesByMemberStatus\":{},\"paymentMethodPrices\":[],\"showWowPrice\":false,\"properties\":{\"AUTO_CANCELED\":\"APPROVAL_CANCEL\",\"OVERSEAS_PURCHASED\":\"false\",\"GIFT_WRAP_ELIGIBLE\":\"false\",\"SEPARATE_REFUND_POLICY\":\"false\",\"PERSONAL_INFORMATION_USE_AGREE\":\"false\",\"TAX_TYPE\":\"TAX\",\"BEST_PRICE_GUARANTEED_3P\":\"false\",\"IS_PCC_NEEDED\":\"false\",\"SEVEN_REFUND_AGREE\":\"false\",\"PRODUCED_DATE\":\"\",\"AUTO_DISPLAY\":\"true\",\"CANCEL_BUTTON_SHOWED\":\"false\",\"VARIATIONAL_OFFERS\":\"70857801806,70857802120\",\"PARALLEL_IMPORTED\":\"false\",\"PRE_ORDER\":\"false\",\"EXTRA_INFO_LABEL_EX\":\"{\\\"ko_KR\\\":\\\"\\\"}\",\"EXPIRED_DATE\":\"2026-04-14\",\"PRINT_BUTTON_SHOWED\":\"true\",\"IS_IMPORT_AGENCY\":\"false\",\"MANUFACTURED_DATE\":\"2024-10-22\",\"ORIGIN_VENDOR_ITEM_VALID\":\"true\",\"OFFER_CONDITION\":\"NEW\",\"ORIGINAL_PRICE_FOR_RETAIL\":\"36500\",\"ORIGINAL_PRICE_FOR_RETAIL_I18N\":\"{\\\"currencyCode\\\":\\\"KRW\\\",\\\"units\\\":36500,\\\"nanos\\\":0}\",\"FRONT_CANCELABLE\":\"true\",\"EXTRA_INFO_LABEL\":\"\",\"THIRD_PARTY_AGREE\":\"true\",\"REMOTE_AREA_DELIVERABLE\":\"true\",\"ROCKET_MARKET_CHILD_VIID\":\"93308600378\",\"PURCHASED_BEFORE\":\"false\",\"COLD_START\":\"false\",\"RANK_BEFORE_COLD_START_BOOST\":\"0\",\"OFFER_CONDITION_V2\":\"NEW\"},\"itemAttributes\":{\"5877\":{\"expose\":false,\"id\":5877,\"name\":\"식품 프리미엄\",\"value\":\"없음\",\"valueWithUnit\":\"없음\",\"weight\":18,\"unitDescription\":\"없음\"},\"7347\":{\"expose\":false,\"id\":7347,\"name\":\"건강식품 사용대상\",\"value\":\"성인남녀공용\",\"valueWithUnit\":\"성인남녀공용\",\"weight\":6,\"unitDescription\":\"없음\"},\"7637\":{\"expose\":true,\"id\":7637,\"name\":\"개당 중량\",\"value\":\"30\",\"valueWithUnit\":\"30g\",\"weight\":2,\"unitDescription\":\"g\"},\"7652\":{\"expose\":true,\"id\":7652,\"name\":\"수량\",\"value\":\"1\",\"valueWithUnit\":\"1개\",\"weight\":3,\"unitDescription\":\"개\"},\"7923\":{\"expose\":false,\"id\":7923,\"name\":\"구성품\",\"value\":\"단품\",\"valueWithUnit\":\"단품\",\"weight\":17,\"unitDescription\":\"없음\"},\"10573\":{\"expose\":false,\"id\":10573,\"name\":\"건강식품 타입\",\"value\":\"캡슐\",\"valueWithUnit\":\"캡슐\",\"weight\":5,\"unitDescription\":\"없음\"},\"11024\":{\"expose\":false,\"id\":11024,\"name\":\"기능별 영양제\",\"value\":\"소화/위/장\",\"valueWithUnit\":\"소화/위/장\",\"weight\":19,\"unitDescription\":\"없음\"},\"11411\":{\"expose\":false,\"id\":11411,\"name\":\"보관방식\",\"value\":\"실온보관\",\"valueWithUnit\":\"실온보관\",\"weight\":13,\"unitDescription\":\"없음\"},\"12293\":{\"expose\":false,\"id\":12293,\"name\":\"총 캡슐/정 수량\",\"value\":\"60\",\"valueWithUnit\":\"60정\",\"weight\":7,\"unitDescription\":\"정\"},\"12397\":{\"expose\":false,\"id\":12397,\"name\":\"유기농/친환경 등\",\"value\":\"없음\",\"valueWithUnit\":\"없음\",\"weight\":11,\"unitDescription\":\"없음\"},\"12436\":{\"expose\":false,\"id\":12436,\"name\":\"대용량상품\",\"value\":\"없음\",\"valueWithUnit\":\"없음\",\"weight\":12,\"unitDescription\":\"없음\"},\"12546\":{\"expose\":false,\"id\":12546,\"name\":\"건강기능식품\",\"value\":\"인증 있음\",\"valueWithUnit\":\"인증 있음\",\"weight\":16,\"unitDescription\":\"없음\"},\"12746\":{\"expose\":false,\"id\":12746,\"name\":\"유산균 종류\",\"value\":\"신바이오틱스\",\"valueWithUnit\":\"신바이오틱스\",\"weight\":8,\"unitDescription\":\"없음\"},\"12747\":{\"expose\":false,\"id\":12747,\"name\":\"유산균 특징\",\"value\":\"LGG유산균\",\"valueWithUnit\":\"LGG유산균\",\"weight\":9,\"unitDescription\":\"없음\"},\"12777\":{\"expose\":false,\"id\":12777,\"name\":\"비건 여부\",\"value\":\"없음\",\"valueWithUnit\":\"없음\",\"weight\":10,\"unitDescription\":\"없음\"},\"12915\":{\"expose\":false,\"id\":12915,\"name\":\"건강식품 성분\",\"value\":\"단일건강식품\",\"valueWithUnit\":\"단일건강식품\",\"weight\":15,\"unitDescription\":\"없음\"},\"12916\":{\"expose\":false,\"id\":12916,\"name\":\"유산균 보장균수\",\"value\":\"51억 이상\",\"valueWithUnit\":\"51억 이상\",\"weight\":14,\"unitDescription\":\"없음\"},\"14264\":{\"expose\":true,\"id\":14264,\"name\":\"개당 캡슐/정\",\"value\":\"60\",\"valueWithUnit\":\"60정\",\"weight\":1,\"unitDescription\":\"정\"}},\"adhocProperties\":{},\"divisionType\":\"GOODS\",\"offerAttribute\":null,\"badgeReorder\":false,\"soldOutReason\":null,\"purchasedCount\":null,\"lastPurchasedDateUTC\":null,\"warrantyService\":{\"warrantyMonth\":0,\"available\":false},\"brandInfoList\":[{\"shopAvailable\":true,\"properties\":{\"official\":\"0\",\"followers\":\"139\",\"renderType\":\"COUMALL_DEFAULT\",\"brandShopType\":\"1\",\"itemCount\":\"0\"},\"name\":\"인테로\",\"logoImagePath\":\"brandLogo/brandLogo_91118e05-e0f5-444e-b7bd-7251cea46314.png\",\"id\":61344,\"description\":\"인테로\",\"luxuryBrand\":false,\"farfetchBrand\":false,\"brandTier\":null,\"officialBrandName\":\"인테로\",\"tier1\":false,\"tier2\":false,\"tier3\":false,\"bothFashionBeauty\":false,\"brandShopLink\":null,\"farfetchBrandShopLink\":null,\"brandKeywordBannerRluxMainImage\":null,\"brandKeywordBannerFarfetchMainImage\":null,\"brandWhiteLogo\":null}],\"freebie\":null,\"wowMember\":false,\"memberDto\":{\"loyaltyMemberId\":null,\"loyaltyMemberStatus\":\"UNKNOWN\",\"rocketWowEligible\":true,\"profilingSegments\":[],\"acquirerCode\":null,\"creditCardHistoryIn90Day\":null,\"agreeCollect\":false,\"studentStatus\":null,\"membershipBenefits\":[{\"type\":\"CARD_ISSUANCE.WOW\",\"attribute\":null,\"granted\":true},{\"type\":\"CASHBACK.BASIC\",\"attribute\":null,\"granted\":false},{\"type\":\"EATS\",\"attribute\":null,\"granted\":false},{\"type\":\"FAST_DELIVERY.DAWN\",\"attribute\":null,\"granted\":false},{\"type\":\"FAST_DELIVERY.PDD\",\"attribute\":null,\"granted\":false},{\"type\":\"FAST_DELIVERY.SAME_DAY\",\"attribute\":null,\"granted\":false},{\"type\":\"FREE_RETURN.FARFETCH\",\"attribute\":null,\"granted\":false},{\"type\":\"FREE_RETURN.JIKGU\",\"attribute\":null,\"granted\":false},{\"type\":\"FREE_RETURN.OTHERS\",\"attribute\":null,\"granted\":false},{\"type\":\"FREE_RETURN.ROCKET\",\"attribute\":null,\"granted\":false},{\"type\":\"FREE_SHIPPING.FARFETCH\",\"attribute\":null,\"granted\":true},{\"type\":\"FREE_SHIPPING.JIKGU\",\"attribute\":null,\"granted\":false},{\"type\":\"FREE_SHIPPING.OTHERS\",\"attribute\":null,\"granted\":false},{\"type\":\"FREE_SHIPPING.ROCKET\",\"attribute\":null,\"granted\":false},{\"type\":\"MEMBERSHIP_ENABLEMENT.WOW\",\"attribute\":null,\"granted\":false},{\"type\":\"MEMBERSHIP_PERIOD.WOW\",\"attribute\":null,\"granted\":true},{\"type\":\"MEMBERSHIP_PRICE.WOW\",\"attribute\":null,\"granted\":true},{\"type\":\"PLAY\",\"attribute\":null,\"granted\":false},{\"type\":\"PURCHASE.FRESH\",\"attribute\":null,\"granted\":false},{\"type\":\"SIGNUP_PROMOTION.PPC_PROMOTION\",\"attribute\":null,\"granted\":true},{\"type\":\"SIGNUP_PROMOTION.PPD_PROMOTION\",\"attribute\":null,\"granted\":true},{\"type\":\"SIGNUP_PROMOTION.WELCOME_PROMOTION\",\"attribute\":null,\"granted\":true},{\"type\":\"WOW_PRICE.BASIC\",\"attribute\":null,\"granted\":false},{\"type\":\"WOW_PRICE.BEST_PRICE\",\"attribute\":null,\"granted\":false},{\"type\":\"WOW_PRICE.EXCLUSIVE_PRICE\",\"attribute\":null,\"granted\":false},{\"type\":\"WOW_PRICE.TIME_DISCOUNT\",\"attribute\":null,\"granted\":false},{\"type\":\"WOW_PRICE.TRAVEL_DISCOUNT\",\"attribute\":null,\"granted\":false},{\"type\":\"WOW_PRICE.WOW_CCID\",\"attribute\":null,\"granted\":false},{\"type\":\"WOW_PRICE.WOW_DISCOUNT\",\"attribute\":null,\"granted\":false},{\"type\":\"WOW_PRICE.WOW_ONLY_COUPON\",\"attribute\":null,\"granted\":false}],\"memberPaymentDto\":{\"activeOptionAcquirerCode\":null,\"activeOptionExist\":false,\"activeOptionCardType\":null,\"activeOptionPayType\":null,\"activeOptionCardBrandCode\":null,\"activeOptionCardIdentificationType\":null,\"activeOptionPartnerBrand\":null},\"rocketWowMember\":false,\"nonPseudoRocketWowMember\":false,\"pseudoMember\":false},\"categoryId\":8541,\"remoteShippingFeeChargeable\":false,\"adult\":false,\"rocketDelivery\":true,\"freeDelivery\":false,\"directUse\":false,\"freeOver9800Delivery\":false,\"i18nCouponPrice\":null,\"subscriptionDelivery\":false,\"subscriptionPromotion\":false,\"globalDelivery\":false,\"i18nOriginalPrice\":{\"amount\":\"36500\",\"rawAmount\":36500,\"fractionDigits\":0,\"currency\":\"KRW\"},\"i18nSubscriptionPrice\":null,\"couPick\":false,\"i18nSalesPrice\":{\"amount\":\"21420\",\"rawAmount\":21420,\"fractionDigits\":0,\"currency\":\"KRW\"},\"i18nMinPrice\":null,\"i18nSubscribeCouponPrice\":null},\"legacyProductId\":1684124279,\"bestArea\":{\"sequence\":-1,\"show\":false},\"imageAndTitleArea\":{\"description\":\"\",\"title\":\"인테로 생유산균 프로바이오틱스 밸런스100, 60정, 30g, 1개\",\"travelUrl\":\"\",\"defaultUrl\":\"//thumbnail.coupangcdn.com/thumbnails/remote/230x230ex/image/retail/images/541355186543794-60fadfec-2308-48c1-a038-ba61556f8fce.jpg\",\"oriDefaultUrl\":\"retail/images/541355186543794-60fadfec-2308-48c1-a038-ba61556f8fce.jpg\",\"oriTravelUrl\":\"\",\"oriLocalUrl\":\"\",\"localUrl\":\"\",\"thumbnailUrl\":null,\"isWideImage\":false,\"wideImageUrl\":\"\"},\"priceArea\":{\"originalPrice\":\"36,500\",\"salesPrice\":\"21,420\",\"lowestPrice\":null,\"instantDiscountPrice\":\"\",\"criteriaPriceInfo\":\"\",\"basePrice\":\"36,500\",\"price\":\"21,420\",\"discountRate\":41,\"instantDiscountDescription\":\"\",\"shippingFeeDescription\":null,\"showInstantDiscountDescription\":false,\"discountCountDownText\":null,\"discountExpireTime\":null,\"badDiscount\":false,\"i18nOriginalPrice\":{\"amount\":\"36500\",\"rawAmount\":null,\"fractionDigits\":0,\"currency\":\"KRW\"},\"i18nLowestPrice\":null,\"i18nSalesPrice\":{\"amount\":\"21420\",\"rawAmount\":null,\"fractionDigits\":0,\"currency\":\"KRW\"},\"i18nPrice\":{\"amount\":\"21420\",\"rawAmount\":null,\"fractionDigits\":0,\"currency\":\"KRW\"},\"discount\":false,\"instantDiscount\":false,\"i18nBasePrice\":{\"amount\":\"36500\",\"rawAmount\":null,\"fractionDigits\":0,\"currency\":\"KRW\"},\"i18nInstantDiscountPrice\":null},\"subscriptionPriceArea\":null,\"snsDiscountRate\":-1,\"wowOnlyInstantDiscountRate\":-1,\"bundlePriceArea\":{\"price\":\"357\",\"cnt\":\"1\",\"unitDescription\":\"정\",\"i18nPrice\":{\"amount\":\"357\",\"rawAmount\":null,\"fractionDigits\":0,\"currency\":\"KRW\"}},\"instantDiscountBundlePriceArea\":{\"price\":\"357\",\"cnt\":\"1\",\"unitDescription\":\"정\",\"i18nPrice\":{\"amount\":\"357\",\"rawAmount\":null,\"fractionDigits\":0,\"currency\":\"KRW\"}},\"buyCntArea\":{\"buyCntInBest50\":\"\",\"buyCnt\":\"\",\"showOriginalCnt\":false,\"premium\":false,\"showCnt\":false},\"soldoutArea\":{\"soldOutText\":\"일시품절\",\"soldout\":false},\"priceTagArea\":{\"css\":\"prod-type discounted-price\",\"title\":\"\",\"discountRate\":\"\"},\"labelArea\":{\"labelAreaContents\":[],\"todayClose\":false},\"badgeArea\":{\"badgeAreaContents\":[]},\"useDateArea\":null,\"uniqueMessageArea\":{\"uniqueMessage\":{\"description\":\"\",\"messages\":[{\"text\":\"\",\"emphasis\":false}]}},\"gaDataArea\":{\"category\":\"\",\"action\":\"\",\"label\":\"\",\"value\":0},\"rocketArea\":{\"badgeImage\":{\"iconUrl\":\"https://image.coupangcdn.com/image/rds/delivery_badge_ext/badge_1998ab96bf7.png\",\"iconWidth\":72,\"iconHeight\":16},\"show\":true},\"globalArea\":{\"badgeImage\":null,\"countryName\":null,\"show\":false},\"productArea\":{\"product\":true},\"cashBackArea\":{\"iconUrl\":\"https://image.coupangcdn.com/image/badges/cashback/web/list-cash-icon@2x.png\",\"cashRewardText\":\"최대 1,071원 적립\"},\"bestAward\":null,\"ccidEligible\":false,\"ccidArea\":null,\"stampImageInfo\":null,\"cornerTagArea\":null,\"link\":\"/vp/products/1684124279?itemId=2868580380\u0026vendorItemId=70857801806\u0026sourceType=SDW_TOP_SELLING_WIDGET_V2\u0026searchId=1a76afe61280463\u0026q=유산균\",\"sequence\":9,\"reviewArea\":{\"ratingAverage\":5,\"ratingCount\":1332,\"ratingRatio\":100},\"deadLineArea\":{\"almostSoldOut\":false,\"deadLineApproach\":false},\"bestPriceArea\":null,\"topBrandArea\":null,\"bizOnlyArea\":null,\"couPickArea\":null,\"attributeCount\":0,\"attributeName\":\"\",\"packageType\":null,\"productCount\":null,\"vendorItemId\":70857801806,\"benefitBadgeArea\":{\"badgeAreaContents\":[{\"css\":\"\",\"title\":\"135원 캐시 적립\",\"id\":\"CASH_AMASSMENT\",\"discountInfo\":null,\"freeDeliveryStandard\":null}]},\"deliveryBadgeArea\":{\"badgeAreaContents\":[]},\"deliverySpeedBadgeArea\":null,\"subscriptionBundlePriceArea\":null,\"bestSellerBadgeArea\":null,\"rocketFreeShippingBadge\":null,\"promisedDeliveryDateArea\":{\"contents\":[{\"text\":\"내일(금) \",\"size\":14,\"color\":\"#008C00\",\"bold\":false},{\"text\":\"도착 보장\",\"size\":14,\"color\":\"#008C00\",\"bold\":false}],\"deliveryType\":null,\"deliveryBadgeImage\":null,\"notEmpty\":true},\"shippingInfoArea\":null,\"eligibleFalconArea\":null,\"usedProductArea\":{\"usedProductInfo\":null,\"usedProductPrice\":null,\"usedOnlyItem\":false,\"notDisplay\":false},\"adBadgeArea\":{\"sponsored\":false,\"adzerkLog\":null,\"showSeparator\":true},\"preOrder\":null,\"bundleOptionArea\":null,\"lowStockArea\":null,\"ranking\":null,\"couponNudgeText\":null,\"couponNudgeStyle\":null,\"couponTagArea\":null,\"ab56922IsB\":false,\"ab56923IsB\":false,\"ab92528SrpIsB\":false,\"ab92528PlpIsB\":false,\"badgeReorder\":false,\"luxuryBrandAuthenticityArea\":null,\"luxuryNudgeText\":null,\"fePricingCxType\":null,\"handymanArea\":null,\"lastPurchaseArea\":null,\"rluxBrandNameArea\":{\"show\":false,\"badgeImage\":null,\"brandName\":null,\"rluxAuthText\":null},\"adjustSpacingTarget\":false,\"hideArriveInfo\":false,\"emptyCcidAndCashback\":false,\"isRlux\":false,\"isFarfetch\":false,\"properties\":{\"promiseDeliveryDate\":\"내일(금) 도착 보장\",\"extendPdd\":false,\"remoteAreaShippingFeeBadge\":\"False\"},\"badges\":null,\"useBadges\":false,\"sponsored\":false,\"collection\":false,\"underGlobalThreshold\":false,\"showPipe\":false,\"showQuickView\":true,\"isCeCategory\":false},{\"index\":{\"legacyProductId\":{\"legacyProductId\":166478664,\"itemId\":476854268},\"salesPrice\":21900,\"itemId\":476854268,\"componentIds\":[],\"subscriptionPrice\":null,\"subscriptionDiscountRate\":null,\"originalSubscriptionDiscountRate\":null,\"subscriptionVendorItemId\":null,\"vendors\":[{\"id\":\"A00010028\",\"countryCode\":\"KR\",\"countryName\":\"대한민국\"}],\"title\":\"일양약품 신바이오틱스 3000 유산균, 240g, 1개\",\"productTitle\":\"일양약품 신바이오틱스 3000 유산균, 240g, 1개\",\"alternativeTitle\":\"일양약품 신바이오틱스 3000 유산균\",\"imageUrl\":\"vendor_inventory/eee3/ef681ef8b3ec97cecf23e3dcbb20aa03d795497e4d9a657b67dc0a8b8cef.jpg\",\"imageMainUrl\":\"vendor_inventory/eee3/ef681ef8b3ec97cecf23e3dcbb20aa03d795497e4d9a657b67dc0a8b8cef.jpg\",\"deliveryType\":\"ROCKET\",\"deliveryInfo\":{\"remoteAreaDeliverable\":true,\"remoteArea\":null,\"outboundShippingTime\":24,\"outboundShippingPlaceId\":0,\"logisticType\":\"ROCKET\",\"isLogistics\":true,\"freeShipOverAmountEx\":{\"currency\":\"KRW\",\"amount\":19800},\"finalFreeShipOverAmountEx\":{\"currency\":\"KRW\",\"amount\":19800},\"deliveryType\":\"FAST\",\"deliveryMethod\":\"SEQUENCIAL\",\"deliveryCompanyName\":\"쿠친\",\"deliveryCompanyCode\":\"COUPANG\",\"deliveryChargeOnReturnEx\":{\"currency\":\"KRW\",\"amount\":0},\"deliveryChargeEx\":{\"currency\":\"KRW\",\"amount\":2500},\"batchShipment\":true},\"minPrice\":null,\"originalPrice\":0,\"discountRate\":0,\"linkcodes\":[],\"sellingStatusType\":null,\"attributeCount\":0,\"attributeName\":null,\"productType\":\"PRODUCT\",\"itemImages\":null,\"defaultExposure\":false,\"trackingCodeMain\":null,\"trackingCodeSub\":null,\"reviewRatingAverage\":4.5,\"reviewRatingCount\":9197,\"sectionContent\":null,\"hasUnitPriceInfo\":false,\"unitPriceInfo\":null,\"latLngs\":null,\"categoryBestIds\":null,\"debugInfo\":null,\"packageType\":null,\"bestPrice\":false,\"rocketWow\":false,\"rocketFresh\":false,\"pricePrefix\":\"\",\"priceDescription\":null,\"discountedDescription\":\"\",\"subscribeCouponPrice\":null,\"unitPrice\":{\"amount\":10,\"extendedPrice\":{\"money\":{\"amount\":913,\"currency\":\"KRW\"},\"offset\":0},\"priceEx\":{\"amount\":913,\"currency\":\"KRW\"},\"unit\":\"g\"},\"subscribeUnitPrice\":null,\"badges\":[{\"attributeByKey\":{},\"id\":\"ROCKET_CASH_REWARD\",\"text\":\"최대 1,095원 적립\",\"type\":\"ROCKET_REWARD\"},{\"attributeByKey\":{},\"id\":\"ROCKET\",\"text\":null,\"type\":\"SHIPPINGTYPE\"}],\"brands\":[\"일양약품\"],\"brandIds\":[\"11399\"],\"benefits\":null,\"subscribeBenefits\":null,\"falconDeliveryType\":null,\"falconDeliveryDate\":null,\"promisedDeliveryDate\":[{\"bold\":false,\"color\":\"#008C00\",\"size\":14,\"text\":\"내일(금) \"},{\"bold\":false,\"color\":\"#008C00\",\"size\":14,\"text\":\"도착 보장\"}],\"promisedDeliveryDateExpressions\":{\"STANDARD\":{\"cutOffDateUTC\":\"2025-11-20T15:00:00.000Z\",\"expressions\":[{\"bold\":false,\"color\":\"#008C00\",\"size\":14,\"text\":\"내일(금) \"},{\"bold\":false,\"color\":\"#008C00\",\"size\":14,\"text\":\"도착 보장\"}],\"pddUTC\":\"2025-11-21T14:59:59.000Z\"}},\"dateInfo\":null,\"hasNewItem\":true,\"sponsored\":false,\"logging\":null,\"usedProductInfo\":null,\"usedProductPrice\":null,\"usedOnlyItem\":false,\"detailPriceInfos\":[{\"quantity\":1,\"priceType\":\"FINAL_PRICE\",\"price\":21900,\"priceWithDeliveryFee\":21900,\"discountType\":null,\"discountRate\":null,\"priceBasedDiscountRate\":null,\"promotionBadgeTexts\":{},\"discountAmount\":0,\"description\":\"\",\"unitPrice\":{\"amount\":10,\"extendedPrice\":{\"money\":{\"amount\":913,\"currency\":\"KRW\"},\"offset\":0},\"priceEx\":{\"amount\":913,\"currency\":\"KRW\"},\"unit\":\"g\"},\"unitPriceWithDeliveryFee\":{\"amount\":10,\"extendedPrice\":{\"money\":{\"amount\":913,\"currency\":\"KRW\"},\"offset\":0},\"priceEx\":null,\"unit\":\"g\"},\"eligibilityConditions\":{},\"priceEx\":null,\"manageCode\":null,\"expiryDate\":null,\"membershipType\":null,\"paymentMethodId\":null,\"paymentMethodDescription\":null,\"cardIdentificationType\":null,\"cardBrand\":null,\"cardCode\":null,\"cardType\":null,\"i18nDiscountAmount\":{\"amount\":\"0\",\"rawAmount\":0,\"fractionDigits\":0,\"currency\":\"KRW\"},\"percentageDiscount\":false,\"i18nPrice\":{\"amount\":\"21900\",\"rawAmount\":21900,\"fractionDigits\":0,\"currency\":\"KRW\"},\"fixedDiscount\":false},{\"quantity\":1,\"priceType\":\"DELIVERY_BUNDLE_REWARD_CASH\",\"price\":219,\"priceWithDeliveryFee\":0,\"discountType\":\"PERCENTAGE\",\"discountRate\":1,\"priceBasedDiscountRate\":null,\"promotionBadgeTexts\":{},\"discountAmount\":219,\"description\":\"쿠페이 머니 결제 시 1% 적립\",\"unitPrice\":null,\"unitPriceWithDeliveryFee\":null,\"eligibilityConditions\":{\"USER_BUDGET\":[\"10000\"],\"USER_BUDGET_I18N\":[\"{\\\"currencyCode\\\":\\\"KRW\\\",\\\"units\\\":10000,\\\"nanos\\\":0}\"]},\"priceEx\":null,\"manageCode\":\"COUPAY_MONEY_CASHBACK\",\"expiryDate\":4070962799000,\"membershipType\":null,\"paymentMethodId\":null,\"paymentMethodDescription\":null,\"cardIdentificationType\":null,\"cardBrand\":null,\"cardCode\":null,\"cardType\":null,\"i18nDiscountAmount\":{\"amount\":\"219\",\"rawAmount\":219,\"fractionDigits\":0,\"currency\":\"KRW\"},\"percentageDiscount\":true,\"i18nPrice\":{\"amount\":\"219\",\"rawAmount\":219,\"fractionDigits\":0,\"currency\":\"KRW\"},\"fixedDiscount\":false},{\"quantity\":1,\"priceType\":\"GIFTING_REWARD_CASH\",\"price\":219,\"priceWithDeliveryFee\":0,\"discountType\":\"PERCENTAGE\",\"discountRate\":null,\"priceBasedDiscountRate\":null,\"promotionBadgeTexts\":{},\"discountAmount\":219,\"description\":\"로켓 선물하기 이용 시 1% 적립\",\"unitPrice\":null,\"unitPriceWithDeliveryFee\":null,\"eligibilityConditions\":{\"USER_BUDGET\":[\"50000\"],\"USER_BUDGET_I18N\":[\"{\\\"currencyCode\\\":\\\"KRW\\\",\\\"units\\\":50000,\\\"nanos\\\":0}\"]},\"priceEx\":null,\"manageCode\":\"cashback_gifting_1off\",\"expiryDate\":null,\"membershipType\":null,\"paymentMethodId\":null,\"paymentMethodDescription\":null,\"cardIdentificationType\":null,\"cardBrand\":null,\"cardCode\":null,\"cardType\":null,\"i18nDiscountAmount\":{\"amount\":\"219\",\"rawAmount\":219,\"fractionDigits\":0,\"currency\":\"KRW\"},\"percentageDiscount\":true,\"i18nPrice\":{\"amount\":\"219\",\"rawAmount\":219,\"fractionDigits\":0,\"currency\":\"KRW\"},\"fixedDiscount\":false},{\"quantity\":1,\"priceType\":\"SALES\",\"price\":21900,\"priceWithDeliveryFee\":21900,\"discountType\":null,\"discountRate\":null,\"priceBasedDiscountRate\":null,\"promotionBadgeTexts\":{},\"discountAmount\":0,\"description\":\"쿠팡판매가\",\"unitPrice\":{\"amount\":10,\"extendedPrice\":{\"money\":{\"amount\":913,\"currency\":\"KRW\"},\"offset\":0},\"priceEx\":{\"amount\":913,\"currency\":\"KRW\"},\"unit\":\"g\"},\"unitPriceWithDeliveryFee\":{\"amount\":10,\"extendedPrice\":{\"money\":{\"amount\":913,\"currency\":\"KRW\"},\"offset\":0},\"priceEx\":null,\"unit\":\"g\"},\"eligibilityConditions\":{},\"priceEx\":null,\"manageCode\":null,\"expiryDate\":null,\"membershipType\":null,\"paymentMethodId\":null,\"paymentMethodDescription\":null,\"cardIdentificationType\":null,\"cardBrand\":null,\"cardCode\":null,\"cardType\":null,\"i18nDiscountAmount\":{\"amount\":\"0\",\"rawAmount\":0,\"fractionDigits\":0,\"currency\":\"KRW\"},\"percentageDiscount\":false,\"i18nPrice\":{\"amount\":\"21900\",\"rawAmount\":21900,\"fractionDigits\":0,\"currency\":\"KRW\"},\"fixedDiscount\":false}],\"priceByMemberStatus\":{\"NOT_MEMBER\":[{\"quantity\":1,\"priceType\":\"FINAL_PRICE\",\"price\":21900,\"priceWithDeliveryFee\":21900,\"discountType\":null,\"discountRate\":null,\"priceBasedDiscountRate\":null,\"promotionBadgeTexts\":{},\"discountAmount\":0,\"description\":\"\",\"unitPrice\":{\"amount\":10,\"extendedPrice\":{\"money\":{\"amount\":913,\"currency\":\"KRW\"},\"offset\":0},\"priceEx\":{\"amount\":913,\"currency\":\"KRW\"},\"unit\":\"g\"},\"unitPriceWithDeliveryFee\":{\"amount\":10,\"extendedPrice\":{\"money\":{\"amount\":913,\"currency\":\"KRW\"},\"offset\":0},\"priceEx\":null,\"unit\":\"g\"},\"eligibilityConditions\":{},\"priceEx\":null,\"manageCode\":null,\"expiryDate\":null,\"membershipType\":null,\"paymentMethodId\":null,\"paymentMethodDescription\":null,\"cardIdentificationType\":null,\"cardBrand\":null,\"cardCode\":null,\"cardType\":null,\"i18nDiscountAmount\":{\"amount\":\"0\",\"rawAmount\":0,\"fractionDigits\":0,\"currency\":\"KRW\"},\"percentageDiscount\":false,\"i18nPrice\":{\"amount\":\"21900\",\"rawAmount\":21900,\"fractionDigits\":0,\"currency\":\"KRW\"},\"fixedDiscount\":false},{\"quantity\":1,\"priceType\":\"DELIVERY_BUNDLE_REWARD_CASH\",\"price\":219,\"priceWithDeliveryFee\":0,\"discountType\":\"PERCENTAGE\",\"discountRate\":1,\"priceBasedDiscountRate\":null,\"promotionBadgeTexts\":{},\"discountAmount\":219,\"description\":\"쿠페이 머니 결제 시 1% 적립\",\"unitPrice\":null,\"unitPriceWithDeliveryFee\":null,\"eligibilityConditions\":{\"USER_BUDGET\":[\"10000\"],\"USER_BUDGET_I18N\":[\"{\\\"currencyCode\\\":\\\"KRW\\\",\\\"units\\\":10000,\\\"nanos\\\":0}\"]},\"priceEx\":null,\"manageCode\":\"COUPAY_MONEY_CASHBACK\",\"expiryDate\":4070962799000,\"membershipType\":null,\"paymentMethodId\":null,\"paymentMethodDescription\":null,\"cardIdentificationType\":null,\"cardBrand\":null,\"cardCode\":null,\"cardType\":null,\"i18nDiscountAmount\":{\"amount\":\"219\",\"rawAmount\":219,\"fractionDigits\":0,\"currency\":\"KRW\"},\"percentageDiscount\":true,\"i18nPrice\":{\"amount\":\"219\",\"rawAmount\":219,\"fractionDigits\":0,\"currency\":\"KRW\"},\"fixedDiscount\":false},{\"quantity\":1,\"priceType\":\"GIFTING_REWARD_CASH\",\"price\":219,\"priceWithDeliveryFee\":0,\"discountType\":\"PERCENTAGE\",\"discountRate\":null,\"priceBasedDiscountRate\":null,\"promotionBadgeTexts\":{},\"discountAmount\":219,\"description\":\"로켓 선물하기 이용 시 1% 적립\",\"unitPrice\":null,\"unitPriceWithDeliveryFee\":null,\"eligibilityConditions\":{\"USER_BUDGET\":[\"50000\"],\"USER_BUDGET_I18N\":[\"{\\\"currencyCode\\\":\\\"KRW\\\",\\\"units\\\":50000,\\\"nanos\\\":0}\"]},\"priceEx\":null,\"manageCode\":\"cashback_gifting_1off\",\"expiryDate\":null,\"membershipType\":null,\"paymentMethodId\":null,\"paymentMethodDescription\":null,\"cardIdentificationType\":null,\"cardBrand\":null,\"cardCode\":null,\"cardType\":null,\"i18nDiscountAmount\":{\"amount\":\"219\",\"rawAmount\":219,\"fractionDigits\":0,\"currency\":\"KRW\"},\"percentageDiscount\":true,\"i18nPrice\":{\"amount\":\"219\",\"rawAmount\":219,\"fractionDigits\":0,\"currency\":\"KRW\"},\"fixedDiscount\":false},{\"quantity\":1,\"priceType\":\"SALES\",\"price\":21900,\"priceWithDeliveryFee\":21900,\"discountType\":null,\"discountRate\":null,\"priceBasedDiscountRate\":null,\"promotionBadgeTexts\":{},\"discountAmount\":0,\"description\":\"쿠팡판매가\",\"unitPrice\":{\"amount\":10,\"extendedPrice\":{\"money\":{\"amount\":913,\"currency\":\"KRW\"},\"offset\":0},\"priceEx\":{\"amount\":913,\"currency\":\"KRW\"},\"unit\":\"g\"},\"unitPriceWithDeliveryFee\":{\"amount\":10,\"extendedPrice\":{\"money\":{\"amount\":913,\"currency\":\"KRW\"},\"offset\":0},\"priceEx\":null,\"unit\":\"g\"},\"eligibilityConditions\":{},\"priceEx\":null,\"manageCode\":null,\"expiryDate\":null,\"membershipType\":null,\"paymentMethodId\":null,\"paymentMethodDescription\":null,\"cardIdentificationType\":null,\"cardBrand\":null,\"cardCode\":null,\"cardType\":null,\"i18nDiscountAmount\":{\"amount\":\"0\",\"rawAmount\":0,\"fractionDigits\":0,\"currency\":\"KRW\"},\"percentageDiscount\":false,\"i18nPrice\":{\"amount\":\"21900\",\"rawAmount\":21900,\"fractionDigits\":0,\"currency\":\"KRW\"},\"fixedDiscount\":false}],\"MEMBER\":[{\"quantity\":1,\"priceType\":\"FINAL_PRICE\",\"price\":21900,\"priceWithDeliveryFee\":21900,\"discountType\":null,\"discountRate\":null,\"priceBasedDiscountRate\":null,\"promotionBadgeTexts\":{},\"discountAmount\":0,\"description\":\"\",\"unitPrice\":{\"amount\":10,\"extendedPrice\":{\"money\":{\"amount\":913,\"currency\":\"KRW\"},\"offset\":0},\"priceEx\":{\"amount\":913,\"currency\":\"KRW\"},\"unit\":\"g\"},\"unitPriceWithDeliveryFee\":{\"amount\":10,\"extendedPrice\":{\"money\":{\"amount\":913,\"currency\":\"KRW\"},\"offset\":0},\"priceEx\":null,\"unit\":\"g\"},\"eligibilityConditions\":{},\"priceEx\":null,\"manageCode\":null,\"expiryDate\":null,\"membershipType\":null,\"paymentMethodId\":null,\"paymentMethodDescription\":null,\"cardIdentificationType\":null,\"cardBrand\":null,\"cardCode\":null,\"cardType\":null,\"i18nDiscountAmount\":{\"amount\":\"0\",\"rawAmount\":0,\"fractionDigits\":0,\"currency\":\"KRW\"},\"percentageDiscount\":false,\"i18nPrice\":{\"amount\":\"21900\",\"rawAmount\":21900,\"fractionDigits\":0,\"currency\":\"KRW\"},\"fixedDiscount\":false},{\"quantity\":1,\"priceType\":\"DELIVERY_BUNDLE_REWARD_CASH\",\"price\":219,\"priceWithDeliveryFee\":0,\"discountType\":\"PERCENTAGE\",\"discountRate\":1,\"priceBasedDiscountRate\":null,\"promotionBadgeTexts\":{},\"discountAmount\":219,\"description\":\"쿠페이 머니 결제 시 1% 적립\",\"unitPrice\":null,\"unitPriceWithDeliveryFee\":null,\"eligibilityConditions\":{\"USER_BUDGET\":[\"10000\"],\"USER_BUDGET_I18N\":[\"{\\\"currencyCode\\\":\\\"KRW\\\",\\\"units\\\":10000,\\\"nanos\\\":0}\"]},\"priceEx\":null,\"manageCode\":\"COUPAY_MONEY_CASHBACK\",\"expiryDate\":4070962799000,\"membershipType\":null,\"paymentMethodId\":null,\"paymentMethodDescription\":null,\"cardIdentificationType\":null,\"cardBrand\":null,\"cardCode\":null,\"cardType\":null,\"i18nDiscountAmount\":{\"amount\":\"219\",\"rawAmount\":219,\"fractionDigits\":0,\"currency\":\"KRW\"},\"percentageDiscount\":true,\"i18nPrice\":{\"amount\":\"219\",\"rawAmount\":219,\"fractionDigits\":0,\"currency\":\"KRW\"},\"fixedDiscount\":false},{\"quantity\":1,\"priceType\":\"ROCKET_WOW_COUPAY_MONEY_REWARD_CASH\",\"price\":876,\"priceWithDeliveryFee\":0,\"discountType\":\"PERCENTAGE\",\"discountRate\":4,\"priceBasedDiscountRate\":null,\"promotionBadgeTexts\":{},\"discountAmount\":876,\"description\":\"[로켓와우 + 쿠페이 머니] 결제 시 4% 추가적립\",\"unitPrice\":null,\"unitPriceWithDeliveryFee\":null,\"eligibilityConditions\":{\"USER_BUDGET\":[\"40000\"],\"ELIGIBILITY_DAYS\":[\"30\"],\"USER_BUDGET_I18N\":[\"{\\\"currencyCode\\\":\\\"KRW\\\",\\\"units\\\":40000,\\\"nanos\\\":0}\"]},\"priceEx\":null,\"manageCode\":\"ROCKETWOW_COUPAY_MONEY_CASHBACK_JUN2019\",\"expiryDate\":1930003200000,\"membershipType\":null,\"paymentMethodId\":null,\"paymentMethodDescription\":null,\"cardIdentificationType\":null,\"cardBrand\":null,\"cardCode\":null,\"cardType\":null,\"i18nDiscountAmount\":{\"amount\":\"876\",\"rawAmount\":876,\"fractionDigits\":0,\"currency\":\"KRW\"},\"percentageDiscount\":true,\"i18nPrice\":{\"amount\":\"876\",\"rawAmount\":876,\"fractionDigits\":0,\"currency\":\"KRW\"},\"fixedDiscount\":false},{\"quantity\":1,\"priceType\":\"ROCKET_WOW_COUPAY_BANK_REWARD_CASH\",\"price\":438,\"priceWithDeliveryFee\":0,\"discountType\":\"PERCENTAGE\",\"discountRate\":2,\"priceBasedDiscountRate\":null,\"promotionBadgeTexts\":{},\"discountAmount\":438,\"description\":\"[로켓와우 + 쿠페이 계좌이체] 결제 시 2% 적립\",\"unitPrice\":null,\"unitPriceWithDeliveryFee\":null,\"eligibilityConditions\":{\"USER_BUDGET\":[\"20000\"],\"ELIGIBILITY_DAYS\":[\"30\"],\"USER_BUDGET_I18N\":[\"{\\\"currencyCode\\\":\\\"KRW\\\",\\\"units\\\":20000,\\\"nanos\\\":0}\"]},\"priceEx\":null,\"manageCode\":\"ROCKETWOW_COUPAY_BANK_CASHBACK_JUN2019\",\"expiryDate\":1930003200000,\"membershipType\":null,\"paymentMethodId\":null,\"paymentMethodDescription\":null,\"cardIdentificationType\":null,\"cardBrand\":null,\"cardCode\":null,\"cardType\":null,\"i18nDiscountAmount\":{\"amount\":\"438\",\"rawAmount\":438,\"fractionDigits\":0,\"currency\":\"KRW\"},\"percentageDiscount\":true,\"i18nPrice\":{\"amount\":\"438\",\"rawAmount\":438,\"fractionDigits\":0,\"currency\":\"KRW\"},\"fixedDiscount\":false},{\"quantity\":1,\"priceType\":\"GIFTING_REWARD_CASH\",\"price\":219,\"priceWithDeliveryFee\":0,\"discountType\":\"PERCENTAGE\",\"discountRate\":null,\"priceBasedDiscountRate\":null,\"promotionBadgeTexts\":{},\"discountAmount\":219,\"description\":\"로켓 선물하기 이용 시 1% 적립\",\"unitPrice\":null,\"unitPriceWithDeliveryFee\":null,\"eligibilityConditions\":{\"USER_BUDGET\":[\"50000\"],\"USER_BUDGET_I18N\":[\"{\\\"currencyCode\\\":\\\"KRW\\\",\\\"units\\\":50000,\\\"nanos\\\":0}\"]},\"priceEx\":null,\"manageCode\":\"cashback_gifting_1off\",\"expiryDate\":null,\"membershipType\":null,\"paymentMethodId\":null,\"paymentMethodDescription\":null,\"cardIdentificationType\":null,\"cardBrand\":null,\"cardCode\":null,\"cardType\":null,\"i18nDiscountAmount\":{\"amount\":\"219\",\"rawAmount\":219,\"fractionDigits\":0,\"currency\":\"KRW\"},\"percentageDiscount\":true,\"i18nPrice\":{\"amount\":\"219\",\"rawAmount\":219,\"fractionDigits\":0,\"currency\":\"KRW\"},\"fixedDiscount\":false},{\"quantity\":1,\"priceType\":\"SALES\",\"price\":21900,\"priceWithDeliveryFee\":21900,\"discountType\":null,\"discountRate\":null,\"priceBasedDiscountRate\":null,\"promotionBadgeTexts\":{},\"discountAmount\":0,\"description\":\"쿠팡판매가\",\"unitPrice\":{\"amount\":10,\"extendedPrice\":{\"money\":{\"amount\":913,\"currency\":\"KRW\"},\"offset\":0},\"priceEx\":{\"amount\":913,\"currency\":\"KRW\"},\"unit\":\"g\"},\"unitPriceWithDeliveryFee\":{\"amount\":10,\"extendedPrice\":{\"money\":{\"amount\":913,\"currency\":\"KRW\"},\"offset\":0},\"priceEx\":null,\"unit\":\"g\"},\"eligibilityConditions\":{},\"priceEx\":null,\"manageCode\":null,\"expiryDate\":null,\"membershipType\":null,\"paymentMethodId\":null,\"paymentMethodDescription\":null,\"cardIdentificationType\":null,\"cardBrand\":null,\"cardCode\":null,\"cardType\":null,\"i18nDiscountAmount\":{\"amount\":\"0\",\"rawAmount\":0,\"fractionDigits\":0,\"currency\":\"KRW\"},\"percentageDiscount\":false,\"i18nPrice\":{\"amount\":\"21900\",\"rawAmount\":21900,\"fractionDigits\":0,\"currency\":\"KRW\"},\"fixedDiscount\":false}]},\"paymentMethodPricesByMemberStatus\":{},\"paymentMethodPrices\":[],\"showWowPrice\":false,\"properties\":{\"AUTO_CANCELED\":\"APPROVAL_CANCEL\",\"OVERSEAS_PURCHASED\":\"false\",\"GIFT_WRAP_ELIGIBLE\":\"false\",\"SEPARATE_REFUND_POLICY\":\"false\",\"PERSONAL_INFORMATION_USE_AGREE\":\"false\",\"TAX_TYPE\":\"TAX\",\"BEST_PRICE_GUARANTEED_3P\":\"false\",\"IS_PCC_NEEDED\":\"false\",\"SEVEN_REFUND_AGREE\":\"false\",\"PRODUCED_DATE\":\"\",\"AUTO_DISPLAY\":\"true\",\"CANCEL_BUTTON_SHOWED\":\"false\",\"VARIATIONAL_OFFERS\":\"4196525332,4196529222\",\"NOT_FOR_INDIVIDUAL_SALE\":\"false\",\"REGISTERED_FROM\":\"RETAIL\",\"PARALLEL_IMPORTED\":\"false\",\"STOCK_SHOWED\":\"true\",\"PRE_ORDER\":\"false\",\"EXTRA_INFO_LABEL_EX\":\"{\\\"ko_KR\\\":\\\"\\\"}\",\"EXPIRED_DATE\":\"2026-09-19\",\"PRINT_BUTTON_SHOWED\":\"true\",\"IS_IMPORT_AGENCY\":\"false\",\"MANUFACTURED_DATE\":\"2025-03-22\",\"ORIGIN_VENDOR_ITEM_VALID\":\"true\",\"OFFER_CONDITION\":\"NEW\",\"ORIGINAL_PRICE_FOR_RETAIL\":\"0\",\"ORIGINAL_PRICE_FOR_RETAIL_I18N\":\"{\\\"currencyCode\\\":\\\"KRW\\\",\\\"units\\\":0,\\\"nanos\\\":0}\",\"SALE_PERIOD_TYPE\":\"REGULAR\",\"FRONT_CANCELABLE\":\"true\",\"EXTRA_INFO_LABEL\":\"\",\"THIRD_PARTY_AGREE\":\"true\",\"REMOTE_AREA_DELIVERABLE\":\"true\",\"ROCKET_MARKET_CHILD_VIID\":\"70651238860\",\"PURCHASED_BEFORE\":\"false\",\"COLD_START\":\"false\",\"RANK_BEFORE_COLD_START_BOOST\":\"0\",\"OFFER_CONDITION_V2\":\"NEW\"},\"itemAttributes\":{\"7347\":{\"expose\":false,\"id\":7347,\"name\":\"건강식품 사용대상\",\"value\":\"범용\",\"valueWithUnit\":\"범용\",\"weight\":5,\"unitDescription\":\"없음\"},\"7637\":{\"expose\":true,\"id\":7637,\"name\":\"개당 중량\",\"value\":\"240\",\"valueWithUnit\":\"240g\",\"weight\":1,\"unitDescription\":\"g\"},\"7652\":{\"expose\":true,\"id\":7652,\"name\":\"수량\",\"value\":\"1\",\"valueWithUnit\":\"1개\",\"weight\":2,\"unitDescription\":\"개\"},\"7923\":{\"expose\":false,\"id\":7923,\"name\":\"구성품\",\"value\":\"단품\",\"valueWithUnit\":\"단품\",\"weight\":15,\"unitDescription\":\"없음\"},\"10573\":{\"expose\":false,\"id\":10573,\"name\":\"건강식품 타입\",\"value\":\"스틱\",\"valueWithUnit\":\"스틱\",\"weight\":4,\"unitDescription\":\"없음\"},\"11411\":{\"expose\":false,\"id\":11411,\"name\":\"보관방식\",\"value\":\"실온보관\",\"valueWithUnit\":\"실온보관\",\"weight\":11,\"unitDescription\":\"없음\"},\"12546\":{\"expose\":false,\"id\":12546,\"name\":\"건강기능식품\",\"value\":\"인증 있음\",\"valueWithUnit\":\"인증 있음\",\"weight\":14,\"unitDescription\":\"없음\"},\"12746\":{\"expose\":false,\"id\":12746,\"name\":\"유산균 종류\",\"value\":\"신바이오틱스\",\"valueWithUnit\":\"신바이오틱스\",\"weight\":6,\"unitDescription\":\"없음\"},\"12915\":{\"expose\":false,\"id\":12915,\"name\":\"건강식품 성분\",\"value\":\"단일영양제\",\"valueWithUnit\":\"단일영양제\",\"weight\":13,\"unitDescription\":\"없음\"},\"12916\":{\"expose\":false,\"id\":12916,\"name\":\"유산균 보장균수\",\"value\":\"1억 이하\",\"valueWithUnit\":\"1억 이하\",\"weight\":12,\"unitDescription\":\"없음\"}},\"adhocProperties\":{},\"divisionType\":\"GOODS\",\"offerAttribute\":null,\"badgeReorder\":false,\"soldOutReason\":null,\"purchasedCount\":null,\"lastPurchasedDateUTC\":null,\"warrantyService\":{\"warrantyMonth\":0,\"available\":false},\"brandInfoList\":[{\"shopAvailable\":true,\"properties\":null,\"name\":\"일양약품\",\"logoImagePath\":\"brandLogo/brandLogo_5a805eaa-9bd9-46a3-8e51-5e1d6c15b93a.jpg\",\"id\":11399,\"description\":\"일양약품\",\"luxuryBrand\":false,\"farfetchBrand\":false,\"brandTier\":null,\"officialBrandName\":\"일양약품\",\"tier1\":false,\"tier2\":false,\"tier3\":false,\"bothFashionBeauty\":false,\"brandShopLink\":null,\"farfetchBrandShopLink\":null,\"brandKeywordBannerRluxMainImage\":null,\"brandKeywordBannerFarfetchMainImage\":null,\"brandWhiteLogo\":null}],\"freebie\":null,\"wowMember\":false,\"memberDto\":{\"loyaltyMemberId\":null,\"loyaltyMemberStatus\":\"UNKNOWN\",\"rocketWowEligible\":true,\"profilingSegments\":[],\"acquirerCode\":null,\"creditCardHistoryIn90Day\":null,\"agreeCollect\":false,\"studentStatus\":null,\"membershipBenefits\":[{\"type\":\"CARD_ISSUANCE.WOW\",\"attribute\":null,\"granted\":true},{\"type\":\"CASHBACK.BASIC\",\"attribute\":null,\"granted\":false},{\"type\":\"EATS\",\"attribute\":null,\"granted\":false},{\"type\":\"FAST_DELIVERY.DAWN\",\"attribute\":null,\"granted\":false},{\"type\":\"FAST_DELIVERY.PDD\",\"attribute\":null,\"granted\":false},{\"type\":\"FAST_DELIVERY.SAME_DAY\",\"attribute\":null,\"granted\":false},{\"type\":\"FREE_RETURN.FARFETCH\",\"attribute\":null,\"granted\":false},{\"type\":\"FREE_RETURN.JIKGU\",\"attribute\":null,\"granted\":false},{\"type\":\"FREE_RETURN.OTHERS\",\"attribute\":null,\"granted\":false},{\"type\":\"FREE_RETURN.ROCKET\",\"attribute\":null,\"granted\":false},{\"type\":\"FREE_SHIPPING.FARFETCH\",\"attribute\":null,\"granted\":true},{\"type\":\"FREE_SHIPPING.JIKGU\",\"attribute\":null,\"granted\":false},{\"type\":\"FREE_SHIPPING.OTHERS\",\"attribute\":null,\"granted\":false},{\"type\":\"FREE_SHIPPING.ROCKET\",\"attribute\":null,\"granted\":false},{\"type\":\"MEMBERSHIP_ENABLEMENT.WOW\",\"attribute\":null,\"granted\":false},{\"type\":\"MEMBERSHIP_PERIOD.WOW\",\"attribute\":null,\"granted\":true},{\"type\":\"MEMBERSHIP_PRICE.WOW\",\"attribute\":null,\"granted\":true},{\"type\":\"PLAY\",\"attribute\":null,\"granted\":false},{\"type\":\"PURCHASE.FRESH\",\"attribute\":null,\"granted\":false},{\"type\":\"SIGNUP_PROMOTION.PPC_PROMOTION\",\"attribute\":null,\"granted\":true},{\"type\":\"SIGNUP_PROMOTION.PPD_PROMOTION\",\"attribute\":null,\"granted\":true},{\"type\":\"SIGNUP_PROMOTION.WELCOME_PROMOTION\",\"attribute\":null,\"granted\":true},{\"type\":\"WOW_PRICE.BASIC\",\"attribute\":null,\"granted\":false},{\"type\":\"WOW_PRICE.BEST_PRICE\",\"attribute\":null,\"granted\":false},{\"type\":\"WOW_PRICE.EXCLUSIVE_PRICE\",\"attribute\":null,\"granted\":false},{\"type\":\"WOW_PRICE.TIME_DISCOUNT\",\"attribute\":null,\"granted\":false},{\"type\":\"WOW_PRICE.TRAVEL_DISCOUNT\",\"attribute\":null,\"granted\":false},{\"type\":\"WOW_PRICE.WOW_CCID\",\"attribute\":null,\"granted\":false},{\"type\":\"WOW_PRICE.WOW_DISCOUNT\",\"attribute\":null,\"granted\":false},{\"type\":\"WOW_PRICE.WOW_ONLY_COUPON\",\"attribute\":null,\"granted\":false}],\"memberPaymentDto\":{\"activeOptionAcquirerCode\":null,\"activeOptionExist\":false,\"activeOptionCardType\":null,\"activeOptionPayType\":null,\"activeOptionCardBrandCode\":null,\"activeOptionCardIdentificationType\":null,\"activeOptionPartnerBrand\":null},\"rocketWowMember\":false,\"nonPseudoRocketWowMember\":false,\"pseudoMember\":false},\"categoryId\":8541,\"remoteShippingFeeChargeable\":false,\"adult\":false,\"rocketDelivery\":true,\"freeDelivery\":false,\"directUse\":false,\"freeOver9800Delivery\":false,\"i18nCouponPrice\":null,\"subscriptionDelivery\":false,\"subscriptionPromotion\":false,\"globalDelivery\":false,\"i18nOriginalPrice\":{\"amount\":\"0\",\"rawAmount\":0,\"fractionDigits\":0,\"currency\":\"KRW\"},\"i18nSubscriptionPrice\":null,\"couPick\":false,\"i18nSalesPrice\":{\"amount\":\"21900\",\"rawAmount\":21900,\"fractionDigits\":0,\"currency\":\"KRW\"},\"i18nMinPrice\":null,\"i18nSubscribeCouponPrice\":null},\"legacyProductId\":166478664,\"bestArea\":{\"sequence\":-1,\"show\":false},\"imageAndTitleArea\":{\"description\":\"\",\"title\":\"일양약품 신바이오틱스 3000 유산균, 240g, 1개\",\"travelUrl\":\"\",\"defaultUrl\":\"//thumbnail.coupangcdn.com/thumbnails/remote/230x230ex/image/vendor_inventory/eee3/ef681ef8b3ec97cecf23e3dcbb20aa03d795497e4d9a657b67dc0a8b8cef.jpg\",\"oriDefaultUrl\":\"vendor_inventory/eee3/ef681ef8b3ec97cecf23e3dcbb20aa03d795497e4d9a657b67dc0a8b8cef.jpg\",\"oriTravelUrl\":\"\",\"oriLocalUrl\":\"\",\"localUrl\":\"\",\"thumbnailUrl\":null,\"isWideImage\":false,\"wideImageUrl\":\"\"},\"priceArea\":{\"originalPrice\":\"0\",\"salesPrice\":\"21,900\",\"lowestPrice\":null,\"instantDiscountPrice\":\"\",\"criteriaPriceInfo\":\"\",\"basePrice\":\"0\",\"price\":\"21,900\",\"discountRate\":0,\"instantDiscountDescription\":\"\",\"shippingFeeDescription\":null,\"showInstantDiscountDescription\":false,\"discountCountDownText\":null,\"discountExpireTime\":null,\"badDiscount\":false,\"i18nOriginalPrice\":{\"amount\":\"0\",\"rawAmount\":null,\"fractionDigits\":0,\"currency\":\"KRW\"},\"i18nLowestPrice\":null,\"i18nSalesPrice\":{\"amount\":\"21900\",\"rawAmount\":null,\"fractionDigits\":0,\"currency\":\"KRW\"},\"i18nPrice\":{\"amount\":\"21900\",\"rawAmount\":null,\"fractionDigits\":0,\"currency\":\"KRW\"},\"discount\":false,\"instantDiscount\":false,\"i18nBasePrice\":{\"amount\":\"0\",\"rawAmount\":null,\"fractionDigits\":0,\"currency\":\"KRW\"},\"i18nInstantDiscountPrice\":null},\"subscriptionPriceArea\":null,\"snsDiscountRate\":-1,\"wowOnlyInstantDiscountRate\":-1,\"bundlePriceArea\":{\"price\":\"913\",\"cnt\":\"10\",\"unitDescription\":\"g\",\"i18nPrice\":{\"amount\":\"913\",\"rawAmount\":null,\"fractionDigits\":0,\"currency\":\"KRW\"}},\"instantDiscountBundlePriceArea\":{\"price\":\"913\",\"cnt\":\"10\",\"unitDescription\":\"g\",\"i18nPrice\":{\"amount\":\"913\",\"rawAmount\":null,\"fractionDigits\":0,\"currency\":\"KRW\"}},\"buyCntArea\":{\"buyCntInBest50\":\"\",\"buyCnt\":\"\",\"showOriginalCnt\":false,\"premium\":false,\"showCnt\":false},\"soldoutArea\":{\"soldOutText\":\"일시품절\",\"soldout\":false},\"priceTagArea\":{\"css\":\"prod-type discounted-price\",\"title\":\"\",\"discountRate\":\"\"},\"labelArea\":{\"labelAreaContents\":[],\"todayClose\":false},\"badgeArea\":{\"badgeAreaContents\":[]},\"useDateArea\":null,\"uniqueMessageArea\":{\"uniqueMessage\":{\"description\":\"\",\"messages\":[{\"text\":\"\",\"emphasis\":false}]}},\"gaDataArea\":{\"category\":\"\",\"action\":\"\",\"label\":\"\",\"value\":0},\"rocketArea\":{\"badgeImage\":{\"iconUrl\":\"https://image.coupangcdn.com/image/rds/delivery_badge_ext/badge_1998ab96bf7.png\",\"iconWidth\":72,\"iconHeight\":16},\"show\":true},\"globalArea\":{\"badgeImage\":null,\"countryName\":null,\"show\":false},\"productArea\":{\"product\":true},\"cashBackArea\":{\"iconUrl\":\"https://image.coupangcdn.com/image/badges/cashback/web/list-cash-icon@2x.png\",\"cashRewardText\":\"최대 1,095원 적립\"},\"bestAward\":null,\"ccidEligible\":false,\"ccidArea\":null,\"stampImageInfo\":null,\"cornerTagArea\":null,\"link\":\"/vp/products/166478664?itemId=476854268\u0026vendorItemId=4196525332\u0026sourceType=SDW_TOP_SELLING_WIDGET_V2\u0026searchId=1a76afe61280463\u0026q=유산균\",\"sequence\":10,\"reviewArea\":{\"ratingAverage\":4.5,\"ratingCount\":9197,\"ratingRatio\":90},\"deadLineArea\":{\"almostSoldOut\":false,\"deadLineApproach\":false},\"bestPriceArea\":null,\"topBrandArea\":null,\"bizOnlyArea\":null,\"couPickArea\":null,\"attributeCount\":0,\"attributeName\":\"\",\"packageType\":null,\"productCount\":null,\"vendorItemId\":4196525332,\"benefitBadgeArea\":{\"badgeAreaContents\":[]},\"deliveryBadgeArea\":{\"badgeAreaContents\":[]},\"deliverySpeedBadgeArea\":null,\"subscriptionBundlePriceArea\":null,\"bestSellerBadgeArea\":null,\"rocketFreeShippingBadge\":null,\"promisedDeliveryDateArea\":{\"contents\":[{\"text\":\"내일(금) \",\"size\":14,\"color\":\"#008C00\",\"bold\":false},{\"text\":\"도착 보장\",\"size\":14,\"color\":\"#008C00\",\"bold\":false}],\"deliveryType\":null,\"deliveryBadgeImage\":null,\"notEmpty\":true},\"shippingInfoArea\":null,\"eligibleFalconArea\":null,\"usedProductArea\":{\"usedProductInfo\":null,\"usedProductPrice\":null,\"usedOnlyItem\":false,\"notDisplay\":false},\"adBadgeArea\":{\"sponsored\":false,\"adzerkLog\":null,\"showSeparator\":false},\"preOrder\":null,\"bundleOptionArea\":null,\"lowStockArea\":null,\"ranking\":null,\"couponNudgeText\":null,\"couponNudgeStyle\":null,\"couponTagArea\":null,\"ab56922IsB\":false,\"ab56923IsB\":false,\"ab92528SrpIsB\":false,\"ab92528PlpIsB\":false,\"badgeReorder\":false,\"luxuryBrandAuthenticityArea\":null,\"luxuryNudgeText\":null,\"fePricingCxType\":null,\"handymanArea\":null,\"lastPurchaseArea\":null,\"rluxBrandNameArea\":{\"show\":false,\"badgeImage\":null,\"brandName\":null,\"rluxAuthText\":null},\"adjustSpacingTarget\":false,\"hideArriveInfo\":false,\"emptyCcidAndCashback\":false,\"isRlux\":false,\"isFarfetch\":false,\"properties\":{\"promiseDeliveryDate\":\"내일(금) 도착 보장\",\"extendPdd\":false,\"remoteAreaShippingFeeBadge\":\"False\"},\"badges\":null,\"useBadges\":false,\"sponsored\":false,\"collection\":false,\"underGlobalThreshold\":false,\"showPipe\":false,\"showQuickView\":true,\"isCeCategory\":false},{\"index\":{\"legacyProductId\":{\"legacyProductId\":1930079630,\"itemId\":3276606320},\"salesPrice\":29700,\"itemId\":3276606320,\"componentIds\":[],\"subscriptionPrice\":null,\"subscriptionDiscountRate\":null,\"originalSubscriptionDiscountRate\":null,\"subscriptionVendorItemId\":null,\"vendors\":[{\"id\":\"A00010028\",\"countryCode\":\"KR\",\"countryName\":\"대한민국\"}],\"title\":\"비포락토 100 유산균, 30g, 1개\",\"productTitle\":\"비포락토 100 유산균, 30g, 1개\",\"alternativeTitle\":\"비포락토 100 유산균\",\"imageUrl\":\"vendor_inventory/image_audit/prod/fa0c3bce-6157-4df0-ba58-c768e4e7697c_fixing_v2.png\",\"imageMainUrl\":\"vendor_inventory/image_audit/prod/fa0c3bce-6157-4df0-ba58-c768e4e7697c_fixing_v2.png\",\"deliveryType\":\"ROCKET_WOW\",\"deliveryInfo\":{\"remoteAreaDeliverable\":true,\"remoteArea\":null,\"outboundShippingTime\":24,\"outboundShippingPlaceId\":0,\"logisticType\":\"ROCKET\",\"isLogistics\":true,\"freeShipOverAmountEx\":{\"currency\":\"KRW\",\"amount\":19800},\"finalFreeShipOverAmountEx\":{\"currency\":\"KRW\",\"amount\":19800},\"deliveryType\":\"FAST\",\"deliveryMethod\":\"SEQUENCIAL\",\"deliveryCompanyName\":\"쿠친\",\"deliveryCompanyCode\":\"COUPANG\",\"deliveryChargeOnReturnEx\":{\"currency\":\"KRW\",\"amount\":0},\"deliveryChargeEx\":{\"currency\":\"KRW\",\"amount\":2500},\"batchShipment\":true},\"minPrice\":null,\"originalPrice\":0,\"discountRate\":0,\"linkcodes\":[],\"sellingStatusType\":null,\"attributeCount\":0,\"attributeName\":null,\"productType\":\"PRODUCT\",\"itemImages\":null,\"defaultExposure\":false,\"trackingCodeMain\":null,\"trackingCodeSub\":null,\"reviewRatingAverage\":4.5,\"reviewRatingCount\":963,\"sectionContent\":null,\"hasUnitPriceInfo\":false,\"unitPriceInfo\":null,\"latLngs\":null,\"categoryBestIds\":null,\"debugInfo\":null,\"packageType\":null,\"bestPrice\":false,\"rocketWow\":true,\"rocketFresh\":false,\"pricePrefix\":\"\",\"priceDescription\":null,\"discountedDescription\":\"\",\"subscribeCouponPrice\":null,\"unitPrice\":{\"amount\":10,\"extendedPrice\":{\"money\":{\"amount\":9900,\"currency\":\"KRW\"},\"offset\":0},\"priceEx\":{\"amount\":9900,\"currency\":\"KRW\"},\"unit\":\"g\"},\"subscribeUnitPrice\":null,\"badges\":[{\"attributeByKey\":{},\"id\":\"CASH_AMASSMENT\",\"text\":\"와우 345원 캐시 적립\",\"type\":\"BENEFIT\"},{\"attributeByKey\":{},\"id\":\"ROCKET_CASH_REWARD\",\"text\":\"최대 1,485원 적립\",\"type\":\"ROCKET_REWARD\"},{\"attributeByKey\":{},\"id\":\"ROCKET\",\"text\":null,\"type\":\"SHIPPINGTYPE\"},{\"attributeByKey\":{},\"id\":\"ROCKET_WOW\",\"text\":null,\"type\":\"SHIPPINGTYPE\"}],\"brands\":[\"비포락토\"],\"brandIds\":[\"64646\"],\"benefits\":null,\"subscribeBenefits\":null,\"falconDeliveryType\":null,\"falconDeliveryDate\":null,\"promisedDeliveryDate\":[{\"bold\":false,\"color\":\"#008C00\",\"size\":14,\"text\":\"내일(금) \"},{\"bold\":false,\"color\":\"#008C00\",\"size\":14,\"text\":\"도착 보장\"}],\"promisedDeliveryDateExpressions\":{\"OVERNIGHT\":{\"cutOffDateUTC\":\"2025-11-20T12:00:00.000Z\",\"expressions\":[{\"bold\":false,\"color\":\"#008C00\",\"size\":14,\"text\":\"내일(금) 새벽 \"},{\"bold\":false,\"color\":\"#008C00\",\"size\":14,\"text\":\"도착 보장\"}],\"pddUTC\":\"2025-11-20T22:00:15.000Z\"},\"STANDARD\":{\"cutOffDateUTC\":\"2025-11-20T15:00:00.000Z\",\"expressions\":[{\"bold\":false,\"color\":\"#008C00\",\"size\":14,\"text\":\"내일(금) \"},{\"bold\":false,\"color\":\"#008C00\",\"size\":14,\"text\":\"도착 보장\"}],\"pddUTC\":\"2025-11-21T14:59:59.000Z\"}},\"dateInfo\":null,\"hasNewItem\":true,\"sponsored\":false,\"logging\":null,\"usedProductInfo\":null,\"usedProductPrice\":null,\"usedOnlyItem\":false,\"detailPriceInfos\":[{\"quantity\":1,\"priceType\":\"FINAL_PRICE\",\"price\":29700,\"priceWithDeliveryFee\":29700,\"discountType\":null,\"discountRate\":null,\"priceBasedDiscountRate\":null,\"promotionBadgeTexts\":{},\"discountAmount\":0,\"description\":\"\",\"unitPrice\":{\"amount\":10,\"extendedPrice\":{\"money\":{\"amount\":9900,\"currency\":\"KRW\"},\"offset\":0},\"priceEx\":{\"amount\":9900,\"currency\":\"KRW\"},\"unit\":\"g\"},\"unitPriceWithDeliveryFee\":{\"amount\":10,\"extendedPrice\":{\"money\":{\"amount\":9900,\"currency\":\"KRW\"},\"offset\":0},\"priceEx\":null,\"unit\":\"g\"},\"eligibilityConditions\":{},\"priceEx\":null,\"manageCode\":null,\"expiryDate\":null,\"membershipType\":null,\"paymentMethodId\":null,\"paymentMethodDescription\":null,\"cardIdentificationType\":null,\"cardBrand\":null,\"cardCode\":null,\"cardType\":null,\"i18nDiscountAmount\":{\"amount\":\"0\",\"rawAmount\":0,\"fractionDigits\":0,\"currency\":\"KRW\"},\"percentageDiscount\":false,\"i18nPrice\":{\"amount\":\"29700\",\"rawAmount\":29700,\"fractionDigits\":0,\"currency\":\"KRW\"},\"fixedDiscount\":false},{\"quantity\":1,\"priceType\":\"DELIVERY_BUNDLE_REWARD_CASH\",\"price\":297,\"priceWithDeliveryFee\":0,\"discountType\":\"PERCENTAGE\",\"discountRate\":1,\"priceBasedDiscountRate\":null,\"promotionBadgeTexts\":{},\"discountAmount\":297,\"description\":\"쿠페이 머니 결제 시 1% 적립\",\"unitPrice\":null,\"unitPriceWithDeliveryFee\":null,\"eligibilityConditions\":{\"USER_BUDGET\":[\"10000\"],\"USER_BUDGET_I18N\":[\"{\\\"currencyCode\\\":\\\"KRW\\\",\\\"units\\\":10000,\\\"nanos\\\":0}\"]},\"priceEx\":null,\"manageCode\":\"COUPAY_MONEY_CASHBACK\",\"expiryDate\":4070962799000,\"membershipType\":null,\"paymentMethodId\":null,\"paymentMethodDescription\":null,\"cardIdentificationType\":null,\"cardBrand\":null,\"cardCode\":null,\"cardType\":null,\"i18nDiscountAmount\":{\"amount\":\"297\",\"rawAmount\":297,\"fractionDigits\":0,\"currency\":\"KRW\"},\"percentageDiscount\":true,\"i18nPrice\":{\"amount\":\"297\",\"rawAmount\":297,\"fractionDigits\":0,\"currency\":\"KRW\"},\"fixedDiscount\":false},{\"quantity\":1,\"priceType\":\"GIFTING_REWARD_CASH\",\"price\":297,\"priceWithDeliveryFee\":0,\"discountType\":\"PERCENTAGE\",\"discountRate\":null,\"priceBasedDiscountRate\":null,\"promotionBadgeTexts\":{},\"discountAmount\":297,\"description\":\"로켓 선물하기 이용 시 1% 적립\",\"unitPrice\":null,\"unitPriceWithDeliveryFee\":null,\"eligibilityConditions\":{\"USER_BUDGET\":[\"50000\"],\"USER_BUDGET_I18N\":[\"{\\\"currencyCode\\\":\\\"KRW\\\",\\\"units\\\":50000,\\\"nanos\\\":0}\"]},\"priceEx\":null,\"manageCode\":\"cashback_gifting_1off\",\"expiryDate\":null,\"membershipType\":null,\"paymentMethodId\":null,\"paymentMethodDescription\":null,\"cardIdentificationType\":null,\"cardBrand\":null,\"cardCode\":null,\"cardType\":null,\"i18nDiscountAmount\":{\"amount\":\"297\",\"rawAmount\":297,\"fractionDigits\":0,\"currency\":\"KRW\"},\"percentageDiscount\":true,\"i18nPrice\":{\"amount\":\"297\",\"rawAmount\":297,\"fractionDigits\":0,\"currency\":\"KRW\"},\"fixedDiscount\":false},{\"quantity\":1,\"priceType\":\"SALES\",\"price\":29700,\"priceWithDeliveryFee\":29700,\"discountType\":null,\"discountRate\":null,\"priceBasedDiscountRate\":null,\"promotionBadgeTexts\":{},\"discountAmount\":0,\"description\":\"쿠팡판매가\",\"unitPrice\":{\"amount\":10,\"extendedPrice\":{\"money\":{\"amount\":9900,\"currency\":\"KRW\"},\"offset\":0},\"priceEx\":{\"amount\":9900,\"currency\":\"KRW\"},\"unit\":\"g\"},\"unitPriceWithDeliveryFee\":{\"amount\":10,\"extendedPrice\":{\"money\":{\"amount\":9900,\"currency\":\"KRW\"},\"offset\":0},\"priceEx\":null,\"unit\":\"g\"},\"eligibilityConditions\":{},\"priceEx\":null,\"manageCode\":null,\"expiryDate\":null,\"membershipType\":null,\"paymentMethodId\":null,\"paymentMethodDescription\":null,\"cardIdentificationType\":null,\"cardBrand\":null,\"cardCode\":null,\"cardType\":null,\"i18nDiscountAmount\":{\"amount\":\"0\",\"rawAmount\":0,\"fractionDigits\":0,\"currency\":\"KRW\"},\"percentageDiscount\":false,\"i18nPrice\":{\"amount\":\"29700\",\"rawAmount\":29700,\"fractionDigits\":0,\"currency\":\"KRW\"},\"fixedDiscount\":false}],\"priceByMemberStatus\":{\"NOT_MEMBER\":[{\"quantity\":1,\"priceType\":\"FINAL_PRICE\",\"price\":29700,\"priceWithDeliveryFee\":29700,\"discountType\":null,\"discountRate\":null,\"priceBasedDiscountRate\":null,\"promotionBadgeTexts\":{},\"discountAmount\":0,\"description\":\"\",\"unitPrice\":{\"amount\":10,\"extendedPrice\":{\"money\":{\"amount\":9900,\"currency\":\"KRW\"},\"offset\":0},\"priceEx\":{\"amount\":9900,\"currency\":\"KRW\"},\"unit\":\"g\"},\"unitPriceWithDeliveryFee\":{\"amount\":10,\"extendedPrice\":{\"money\":{\"amount\":9900,\"currency\":\"KRW\"},\"offset\":0},\"priceEx\":null,\"unit\":\"g\"},\"eligibilityConditions\":{},\"priceEx\":null,\"manageCode\":null,\"expiryDate\":null,\"membershipType\":null,\"paymentMethodId\":null,\"paymentMethodDescription\":null,\"cardIdentificationType\":null,\"cardBrand\":null,\"cardCode\":null,\"cardType\":null,\"i18nDiscountAmount\":{\"amount\":\"0\",\"rawAmount\":0,\"fractionDigits\":0,\"currency\":\"KRW\"},\"percentageDiscount\":false,\"i18nPrice\":{\"amount\":\"29700\",\"rawAmount\":29700,\"fractionDigits\":0,\"currency\":\"KRW\"},\"fixedDiscount\":false},{\"quantity\":1,\"priceType\":\"DELIVERY_BUNDLE_REWARD_CASH\",\"price\":297,\"priceWithDeliveryFee\":0,\"discountType\":\"PERCENTAGE\",\"discountRate\":1,\"priceBasedDiscountRate\":null,\"promotionBadgeTexts\":{},\"discountAmount\":297,\"description\":\"쿠페이 머니 결제 시 1% 적립\",\"unitPrice\":null,\"unitPriceWithDeliveryFee\":null,\"eligibilityConditions\":{\"USER_BUDGET\":[\"10000\"],\"USER_BUDGET_I18N\":[\"{\\\"currencyCode\\\":\\\"KRW\\\",\\\"units\\\":10000,\\\"nanos\\\":0}\"]},\"priceEx\":null,\"manageCode\":\"COUPAY_MONEY_CASHBACK\",\"expiryDate\":4070962799000,\"membershipType\":null,\"paymentMethodId\":null,\"paymentMethodDescription\":null,\"cardIdentificationType\":null,\"cardBrand\":null,\"cardCode\":null,\"cardType\":null,\"i18nDiscountAmount\":{\"amount\":\"297\",\"rawAmount\":297,\"fractionDigits\":0,\"currency\":\"KRW\"},\"percentageDiscount\":true,\"i18nPrice\":{\"amount\":\"297\",\"rawAmount\":297,\"fractionDigits\":0,\"currency\":\"KRW\"},\"fixedDiscount\":false},{\"quantity\":1,\"priceType\":\"GIFTING_REWARD_CASH\",\"price\":297,\"priceWithDeliveryFee\":0,\"discountType\":\"PERCENTAGE\",\"discountRate\":null,\"priceBasedDiscountRate\":null,\"promotionBadgeTexts\":{},\"discountAmount\":297,\"description\":\"로켓 선물하기 이용 시 1% 적립\",\"unitPrice\":null,\"unitPriceWithDeliveryFee\":null,\"eligibilityConditions\":{\"USER_BUDGET\":[\"50000\"],\"USER_BUDGET_I18N\":[\"{\\\"currencyCode\\\":\\\"KRW\\\",\\\"units\\\":50000,\\\"nanos\\\":0}\"]},\"priceEx\":null,\"manageCode\":\"cashback_gifting_1off\",\"expiryDate\":null,\"membershipType\":null,\"paymentMethodId\":null,\"paymentMethodDescription\":null,\"cardIdentificationType\":null,\"cardBrand\":null,\"cardCode\":null,\"cardType\":null,\"i18nDiscountAmount\":{\"amount\":\"297\",\"rawAmount\":297,\"fractionDigits\":0,\"currency\":\"KRW\"},\"percentageDiscount\":true,\"i18nPrice\":{\"amount\":\"297\",\"rawAmount\":297,\"fractionDigits\":0,\"currency\":\"KRW\"},\"fixedDiscount\":false},{\"quantity\":1,\"priceType\":\"SALES\",\"price\":29700,\"priceWithDeliveryFee\":29700,\"discountType\":null,\"discountRate\":null,\"priceBasedDiscountRate\":null,\"promotionBadgeTexts\":{},\"discountAmount\":0,\"description\":\"쿠팡판매가\",\"unitPrice\":{\"amount\":10,\"extendedPrice\":{\"money\":{\"amount\":9900,\"currency\":\"KRW\"},\"offset\":0},\"priceEx\":{\"amount\":9900,\"currency\":\"KRW\"},\"unit\":\"g\"},\"unitPriceWithDeliveryFee\":{\"amount\":10,\"extendedPrice\":{\"money\":{\"amount\":9900,\"currency\":\"KRW\"},\"offset\":0},\"priceEx\":null,\"unit\":\"g\"},\"eligibilityConditions\":{},\"priceEx\":null,\"manageCode\":null,\"expiryDate\":null,\"membershipType\":null,\"paymentMethodId\":null,\"paymentMethodDescription\":null,\"cardIdentificationType\":null,\"cardBrand\":null,\"cardCode\":null,\"cardType\":null,\"i18nDiscountAmount\":{\"amount\":\"0\",\"rawAmount\":0,\"fractionDigits\":0,\"currency\":\"KRW\"},\"percentageDiscount\":false,\"i18nPrice\":{\"amount\":\"29700\",\"rawAmount\":29700,\"fractionDigits\":0,\"currency\":\"KRW\"},\"fixedDiscount\":false}],\"MEMBER\":[{\"quantity\":1,\"priceType\":\"FINAL_PRICE\",\"price\":29700,\"priceWithDeliveryFee\":29700,\"discountType\":null,\"discountRate\":null,\"priceBasedDiscountRate\":null,\"promotionBadgeTexts\":{},\"discountAmount\":0,\"description\":\"\",\"unitPrice\":{\"amount\":10,\"extendedPrice\":{\"money\":{\"amount\":9900,\"currency\":\"KRW\"},\"offset\":0},\"priceEx\":{\"amount\":9900,\"currency\":\"KRW\"},\"unit\":\"g\"},\"unitPriceWithDeliveryFee\":{\"amount\":10,\"extendedPrice\":{\"money\":{\"amount\":9900,\"currency\":\"KRW\"},\"offset\":0},\"priceEx\":null,\"unit\":\"g\"},\"eligibilityConditions\":{},\"priceEx\":null,\"manageCode\":null,\"expiryDate\":null,\"membershipType\":null,\"paymentMethodId\":null,\"paymentMethodDescription\":null,\"cardIdentificationType\":null,\"cardBrand\":null,\"cardCode\":null,\"cardType\":null,\"i18nDiscountAmount\":{\"amount\":\"0\",\"rawAmount\":0,\"fractionDigits\":0,\"currency\":\"KRW\"},\"percentageDiscount\":false,\"i18nPrice\":{\"amount\":\"29700\",\"rawAmount\":29700,\"fractionDigits\":0,\"currency\":\"KRW\"},\"fixedDiscount\":false},{\"quantity\":1,\"priceType\":\"DELIVERY_BUNDLE_REWARD_CASH\",\"price\":297,\"priceWithDeliveryFee\":0,\"discountType\":\"PERCENTAGE\",\"discountRate\":1,\"priceBasedDiscountRate\":null,\"promotionBadgeTexts\":{},\"discountAmount\":297,\"description\":\"쿠페이 머니 결제 시 1% 적립\",\"unitPrice\":null,\"unitPriceWithDeliveryFee\":null,\"eligibilityConditions\":{\"USER_BUDGET\":[\"10000\"],\"USER_BUDGET_I18N\":[\"{\\\"currencyCode\\\":\\\"KRW\\\",\\\"units\\\":10000,\\\"nanos\\\":0}\"]},\"priceEx\":null,\"manageCode\":\"COUPAY_MONEY_CASHBACK\",\"expiryDate\":4070962799000,\"membershipType\":null,\"paymentMethodId\":null,\"paymentMethodDescription\":null,\"cardIdentificationType\":null,\"cardBrand\":null,\"cardCode\":null,\"cardType\":null,\"i18nDiscountAmount\":{\"amount\":\"297\",\"rawAmount\":297,\"fractionDigits\":0,\"currency\":\"KRW\"},\"percentageDiscount\":true,\"i18nPrice\":{\"amount\":\"297\",\"rawAmount\":297,\"fractionDigits\":0,\"currency\":\"KRW\"},\"fixedDiscount\":false},{\"quantity\":1,\"priceType\":\"ROCKET_WOW_COUPAY_MONEY_REWARD_CASH\",\"price\":1188,\"priceWithDeliveryFee\":0,\"discountType\":\"PERCENTAGE\",\"discountRate\":4,\"priceBasedDiscountRate\":null,\"promotionBadgeTexts\":{},\"discountAmount\":1188,\"description\":\"[로켓와우 + 쿠페이 머니] 결제 시 4% 추가적립\",\"unitPrice\":null,\"unitPriceWithDeliveryFee\":null,\"eligibilityConditions\":{\"USER_BUDGET\":[\"40000\"],\"ELIGIBILITY_DAYS\":[\"30\"],\"USER_BUDGET_I18N\":[\"{\\\"currencyCode\\\":\\\"KRW\\\",\\\"units\\\":40000,\\\"nanos\\\":0}\"]},\"priceEx\":null,\"manageCode\":\"ROCKETWOW_COUPAY_MONEY_CASHBACK_JUN2019\",\"expiryDate\":1930003200000,\"membershipType\":null,\"paymentMethodId\":null,\"paymentMethodDescription\":null,\"cardIdentificationType\":null,\"cardBrand\":null,\"cardCode\":null,\"cardType\":null,\"i18nDiscountAmount\":{\"amount\":\"1188\",\"rawAmount\":1188,\"fractionDigits\":0,\"currency\":\"KRW\"},\"percentageDiscount\":true,\"i18nPrice\":{\"amount\":\"1188\",\"rawAmount\":1188,\"fractionDigits\":0,\"currency\":\"KRW\"},\"fixedDiscount\":false},{\"quantity\":1,\"priceType\":\"ROCKET_WOW_COUPAY_BANK_REWARD_CASH\",\"price\":594,\"priceWithDeliveryFee\":0,\"discountType\":\"PERCENTAGE\",\"discountRate\":2,\"priceBasedDiscountRate\":null,\"promotionBadgeTexts\":{},\"discountAmount\":594,\"description\":\"[로켓와우 + 쿠페이 계좌이체] 결제 시 2% 적립\",\"unitPrice\":null,\"unitPriceWithDeliveryFee\":null,\"eligibilityConditions\":{\"USER_BUDGET\":[\"20000\"],\"ELIGIBILITY_DAYS\":[\"30\"],\"USER_BUDGET_I18N\":[\"{\\\"currencyCode\\\":\\\"KRW\\\",\\\"units\\\":20000,\\\"nanos\\\":0}\"]},\"priceEx\":null,\"manageCode\":\"ROCKETWOW_COUPAY_BANK_CASHBACK_JUN2019\",\"expiryDate\":1930003200000,\"membershipType\":null,\"paymentMethodId\":null,\"paymentMethodDescription\":null,\"cardIdentificationType\":null,\"cardBrand\":null,\"cardCode\":null,\"cardType\":null,\"i18nDiscountAmount\":{\"amount\":\"594\",\"rawAmount\":594,\"fractionDigits\":0,\"currency\":\"KRW\"},\"percentageDiscount\":true,\"i18nPrice\":{\"amount\":\"594\",\"rawAmount\":594,\"fractionDigits\":0,\"currency\":\"KRW\"},\"fixedDiscount\":false},{\"quantity\":1,\"priceType\":\"GIFTING_REWARD_CASH\",\"price\":297,\"priceWithDeliveryFee\":0,\"discountType\":\"PERCENTAGE\",\"discountRate\":null,\"priceBasedDiscountRate\":null,\"promotionBadgeTexts\":{},\"discountAmount\":297,\"description\":\"로켓 선물하기 이용 시 1% 적립\",\"unitPrice\":null,\"unitPriceWithDeliveryFee\":null,\"eligibilityConditions\":{\"USER_BUDGET\":[\"50000\"],\"USER_BUDGET_I18N\":[\"{\\\"currencyCode\\\":\\\"KRW\\\",\\\"units\\\":50000,\\\"nanos\\\":0}\"]},\"priceEx\":null,\"manageCode\":\"cashback_gifting_1off\",\"expiryDate\":null,\"membershipType\":null,\"paymentMethodId\":null,\"paymentMethodDescription\":null,\"cardIdentificationType\":null,\"cardBrand\":null,\"cardCode\":null,\"cardType\":null,\"i18nDiscountAmount\":{\"amount\":\"297\",\"rawAmount\":297,\"fractionDigits\":0,\"currency\":\"KRW\"},\"percentageDiscount\":true,\"i18nPrice\":{\"amount\":\"297\",\"rawAmount\":297,\"fractionDigits\":0,\"currency\":\"KRW\"},\"fixedDiscount\":false},{\"quantity\":1,\"priceType\":\"SALES\",\"price\":29700,\"priceWithDeliveryFee\":29700,\"discountType\":null,\"discountRate\":null,\"priceBasedDiscountRate\":null,\"promotionBadgeTexts\":{},\"discountAmount\":0,\"description\":\"쿠팡판매가\",\"unitPrice\":{\"amount\":10,\"extendedPrice\":{\"money\":{\"amount\":9900,\"currency\":\"KRW\"},\"offset\":0},\"priceEx\":{\"amount\":9900,\"currency\":\"KRW\"},\"unit\":\"g\"},\"unitPriceWithDeliveryFee\":{\"amount\":10,\"extendedPrice\":{\"money\":{\"amount\":9900,\"currency\":\"KRW\"},\"offset\":0},\"priceEx\":null,\"unit\":\"g\"},\"eligibilityConditions\":{},\"priceEx\":null,\"manageCode\":null,\"expiryDate\":null,\"membershipType\":null,\"paymentMethodId\":null,\"paymentMethodDescription\":null,\"cardIdentificationType\":null,\"cardBrand\":null,\"cardCode\":null,\"cardType\":null,\"i18nDiscountAmount\":{\"amount\":\"0\",\"rawAmount\":0,\"fractionDigits\":0,\"currency\":\"KRW\"},\"percentageDiscount\":false,\"i18nPrice\":{\"amount\":\"29700\",\"rawAmount\":29700,\"fractionDigits\":0,\"currency\":\"KRW\"},\"fixedDiscount\":false},{\"quantity\":1,\"priceType\":\"REWARD_CASH\",\"price\":345,\"priceWithDeliveryFee\":0,\"discountType\":\"FIXED\",\"discountRate\":null,\"priceBasedDiscountRate\":null,\"promotionBadgeTexts\":{},\"discountAmount\":345,\"description\":\"345원 캐시 적립\",\"unitPrice\":null,\"unitPriceWithDeliveryFee\":null,\"eligibilityConditions\":{\"ROCKET_CLUB_STATUS\":[\"TRIAL\",\"MEMBER\"]},\"priceEx\":null,\"manageCode\":\"retail_cashback_pricing_WOW_2025-11-15-02-38-48_18626095285_71263603495\",\"expiryDate\":1778823528000,\"membershipType\":null,\"paymentMethodId\":null,\"paymentMethodDescription\":null,\"cardIdentificationType\":null,\"cardBrand\":null,\"cardCode\":null,\"cardType\":null,\"i18nDiscountAmount\":{\"amount\":\"345\",\"rawAmount\":345,\"fractionDigits\":0,\"currency\":\"KRW\"},\"percentageDiscount\":false,\"i18nPrice\":{\"amount\":\"345\",\"rawAmount\":345,\"fractionDigits\":0,\"currency\":\"KRW\"},\"fixedDiscount\":true}]},\"paymentMethodPricesByMemberStatus\":{},\"paymentMethodPrices\":[],\"showWowPrice\":false,\"properties\":{\"AUTO_CANCELED\":\"APPROVAL_CANCEL\",\"OVERSEAS_PURCHASED\":\"false\",\"GIFT_WRAP_ELIGIBLE\":\"false\",\"SEPARATE_REFUND_POLICY\":\"false\",\"PERSONAL_INFORMATION_USE_AGREE\":\"false\",\"TAX_TYPE\":\"TAX\",\"BEST_PRICE_GUARANTEED_3P\":\"false\",\"IS_PCC_NEEDED\":\"false\",\"SEVEN_REFUND_AGREE\":\"false\",\"PRODUCED_DATE\":\"\",\"AUTO_DISPLAY\":\"true\",\"CANCEL_BUTTON_SHOWED\":\"false\",\"VARIATIONAL_OFFERS\":\"71263603495,71263606044\",\"PARALLEL_IMPORTED\":\"false\",\"PRE_ORDER\":\"false\",\"EXTRA_INFO_LABEL_EX\":\"{\\\"ko_KR\\\":\\\"\\\"}\",\"EXPIRED_DATE\":\"2027-03-14\",\"PRINT_BUTTON_SHOWED\":\"true\",\"IS_IMPORT_AGENCY\":\"false\",\"MANUFACTURED_DATE\":\"2025-03-15\",\"ORIGIN_VENDOR_ITEM_VALID\":\"true\",\"OFFER_CONDITION\":\"NEW\",\"ORIGINAL_PRICE_FOR_RETAIL\":\"0\",\"ORIGINAL_PRICE_FOR_RETAIL_I18N\":\"{\\\"currencyCode\\\":\\\"KRW\\\",\\\"units\\\":0,\\\"nanos\\\":0}\",\"FRONT_CANCELABLE\":\"true\",\"EXTRA_INFO_LABEL\":\"\",\"THIRD_PARTY_AGREE\":\"true\",\"REMOTE_AREA_DELIVERABLE\":\"true\",\"ROCKET_MARKET_CHILD_VIID\":\"87866860808\",\"PURCHASED_BEFORE\":\"false\",\"COLD_START\":\"false\",\"RANK_BEFORE_COLD_START_BOOST\":\"0\",\"OFFER_CONDITION_V2\":\"NEW\"},\"itemAttributes\":{\"7347\":{\"expose\":false,\"id\":7347,\"name\":\"건강식품 사용대상\",\"value\":\"범용\",\"valueWithUnit\":\"범용\",\"weight\":5,\"unitDescription\":\"없음\"},\"7637\":{\"expose\":true,\"id\":7637,\"name\":\"개당 중량\",\"value\":\"30\",\"valueWithUnit\":\"30g\",\"weight\":1,\"unitDescription\":\"g\"},\"7652\":{\"expose\":true,\"id\":7652,\"name\":\"수량\",\"value\":\"1\",\"valueWithUnit\":\"1개\",\"weight\":2,\"unitDescription\":\"개\"},\"7923\":{\"expose\":false,\"id\":7923,\"name\":\"구성품\",\"value\":\"단품\",\"valueWithUnit\":\"단품\",\"weight\":16,\"unitDescription\":\"없음\"},\"10573\":{\"expose\":false,\"id\":10573,\"name\":\"건강식품 타입\",\"value\":\"스틱\",\"valueWithUnit\":\"스틱\",\"weight\":4,\"unitDescription\":\"없음\"},\"11024\":{\"expose\":false,\"id\":11024,\"name\":\"기능별 영양제\",\"value\":\"해당없음\",\"valueWithUnit\":\"해당없음\",\"weight\":18,\"unitDescription\":\"없음\"},\"11411\":{\"expose\":false,\"id\":11411,\"name\":\"보관방식\",\"value\":\"냉장보관\",\"valueWithUnit\":\"냉장보관\",\"weight\":12,\"unitDescription\":\"없음\"},\"12433\":{\"expose\":false,\"id\":12433,\"name\":\"개당 용량/중량/정\",\"value\":\"1g\",\"valueWithUnit\":\"1g\",\"weight\":19,\"unitDescription\":\"g\"},\"12546\":{\"expose\":false,\"id\":12546,\"name\":\"건강기능식품\",\"value\":\"인증 있음\",\"valueWithUnit\":\"인증 있음\",\"weight\":15,\"unitDescription\":\"없음\"},\"12746\":{\"expose\":false,\"id\":12746,\"name\":\"유산균 종류\",\"value\":\"신바이오틱스\",\"valueWithUnit\":\"신바이오틱스\",\"weight\":7,\"unitDescription\":\"없음\"},\"12747\":{\"expose\":false,\"id\":12747,\"name\":\"유산균 특징\",\"value\":\"LGG유산균\",\"valueWithUnit\":\"LGG유산균\",\"weight\":8,\"unitDescription\":\"없음\"},\"12915\":{\"expose\":false,\"id\":12915,\"name\":\"건강식품 성분\",\"value\":\"단일영양제\",\"valueWithUnit\":\"단일영양제\",\"weight\":14,\"unitDescription\":\"없음\"},\"12916\":{\"expose\":false,\"id\":12916,\"name\":\"유산균 보장균수\",\"value\":\"51억 이상\",\"valueWithUnit\":\"51억 이상\",\"weight\":13,\"unitDescription\":\"없음\"}},\"adhocProperties\":{},\"divisionType\":\"GOODS\",\"offerAttribute\":null,\"badgeReorder\":false,\"soldOutReason\":null,\"purchasedCount\":null,\"lastPurchasedDateUTC\":null,\"warrantyService\":{\"warrantyMonth\":0,\"available\":false},\"brandInfoList\":[{\"shopAvailable\":false,\"properties\":null,\"name\":\"비포락토\",\"logoImagePath\":\"brandLogo/brandLogo_c5a5b5bf-f003-43c0-894f-0ebff0295540.jpg\",\"id\":64646,\"description\":\"비포락토\",\"luxuryBrand\":false,\"farfetchBrand\":false,\"brandTier\":null,\"officialBrandName\":\"비포락토\",\"tier1\":false,\"tier2\":false,\"tier3\":false,\"bothFashionBeauty\":false,\"brandShopLink\":null,\"farfetchBrandShopLink\":null,\"brandKeywordBannerRluxMainImage\":null,\"brandKeywordBannerFarfetchMainImage\":null,\"brandWhiteLogo\":null}],\"freebie\":null,\"wowMember\":false,\"memberDto\":{\"loyaltyMemberId\":null,\"loyaltyMemberStatus\":\"UNKNOWN\",\"rocketWowEligible\":true,\"profilingSegments\":[],\"acquirerCode\":null,\"creditCardHistoryIn90Day\":null,\"agreeCollect\":false,\"studentStatus\":null,\"membershipBenefits\":[{\"type\":\"CARD_ISSUANCE.WOW\",\"attribute\":null,\"granted\":true},{\"type\":\"CASHBACK.BASIC\",\"attribute\":null,\"granted\":false},{\"type\":\"EATS\",\"attribute\":null,\"granted\":false},{\"type\":\"FAST_DELIVERY.DAWN\",\"attribute\":null,\"granted\":false},{\"type\":\"FAST_DELIVERY.PDD\",\"attribute\":null,\"granted\":false},{\"type\":\"FAST_DELIVERY.SAME_DAY\",\"attribute\":null,\"granted\":false},{\"type\":\"FREE_RETURN.FARFETCH\",\"attribute\":null,\"granted\":false},{\"type\":\"FREE_RETURN.JIKGU\",\"attribute\":null,\"granted\":false},{\"type\":\"FREE_RETURN.OTHERS\",\"attribute\":null,\"granted\":false},{\"type\":\"FREE_RETURN.ROCKET\",\"attribute\":null,\"granted\":false},{\"type\":\"FREE_SHIPPING.FARFETCH\",\"attribute\":null,\"granted\":true},{\"type\":\"FREE_SHIPPING.JIKGU\",\"attribute\":null,\"granted\":false},{\"type\":\"FREE_SHIPPING.OTHERS\",\"attribute\":null,\"granted\":false},{\"type\":\"FREE_SHIPPING.ROCKET\",\"attribute\":null,\"granted\":false},{\"type\":\"MEMBERSHIP_ENABLEMENT.WOW\",\"attribute\":null,\"granted\":false},{\"type\":\"MEMBERSHIP_PERIOD.WOW\",\"attribute\":null,\"granted\":true},{\"type\":\"MEMBERSHIP_PRICE.WOW\",\"attribute\":null,\"granted\":true},{\"type\":\"PLAY\",\"attribute\":null,\"granted\":false},{\"type\":\"PURCHASE.FRESH\",\"attribute\":null,\"granted\":false},{\"type\":\"SIGNUP_PROMOTION.PPC_PROMOTION\",\"attribute\":null,\"granted\":true},{\"type\":\"SIGNUP_PROMOTION.PPD_PROMOTION\",\"attribute\":null,\"granted\":true},{\"type\":\"SIGNUP_PROMOTION.WELCOME_PROMOTION\",\"attribute\":null,\"granted\":true},{\"type\":\"WOW_PRICE.BASIC\",\"attribute\":null,\"granted\":false},{\"type\":\"WOW_PRICE.BEST_PRICE\",\"attribute\":null,\"granted\":false},{\"type\":\"WOW_PRICE.EXCLUSIVE_PRICE\",\"attribute\":null,\"granted\":false},{\"type\":\"WOW_PRICE.TIME_DISCOUNT\",\"attribute\":null,\"granted\":false},{\"type\":\"WOW_PRICE.TRAVEL_DISCOUNT\",\"attribute\":null,\"granted\":false},{\"type\":\"WOW_PRICE.WOW_CCID\",\"attribute\":null,\"granted\":false},{\"type\":\"WOW_PRICE.WOW_DISCOUNT\",\"attribute\":null,\"granted\":false},{\"type\":\"WOW_PRICE.WOW_ONLY_COUPON\",\"attribute\":null,\"granted\":false}],\"memberPaymentDto\":{\"activeOptionAcquirerCode\":null,\"activeOptionExist\":false,\"activeOptionCardType\":null,\"activeOptionPayType\":null,\"activeOptionCardBrandCode\":null,\"activeOptionCardIdentificationType\":null,\"activeOptionPartnerBrand\":null},\"rocketWowMember\":false,\"nonPseudoRocketWowMember\":false,\"pseudoMember\":false},\"categoryId\":8541,\"remoteShippingFeeChargeable\":false,\"adult\":false,\"rocketDelivery\":true,\"freeDelivery\":false,\"directUse\":false,\"freeOver9800Delivery\":false,\"i18nCouponPrice\":null,\"subscriptionDelivery\":false,\"subscriptionPromotion\":false,\"globalDelivery\":false,\"i18nOriginalPrice\":{\"amount\":\"0\",\"rawAmount\":0,\"fractionDigits\":0,\"currency\":\"KRW\"},\"i18nSubscriptionPrice\":null,\"couPick\":false,\"i18nSalesPrice\":{\"amount\":\"29700\",\"rawAmount\":29700,\"fractionDigits\":0,\"currency\":\"KRW\"},\"i18nMinPrice\":null,\"i18nSubscribeCouponPrice\":null},\"legacyProductId\":1930079630,\"bestArea\":{\"sequence\":-1,\"show\":false},\"imageAndTitleArea\":{\"description\":\"\",\"title\":\"비포락토 100 유산균, 30g, 1개\",\"travelUrl\":\"\",\"defaultUrl\":\"//thumbnail.coupangcdn.com/thumbnails/remote/230x230ex/image/vendor_inventory/image_audit/prod/fa0c3bce-6157-4df0-ba58-c768e4e7697c_fixing_v2.png\",\"oriDefaultUrl\":\"vendor_inventory/image_audit/prod/fa0c3bce-6157-4df0-ba58-c768e4e7697c_fixing_v2.png\",\"oriTravelUrl\":\"\",\"oriLocalUrl\":\"\",\"localUrl\":\"\",\"thumbnailUrl\":null,\"isWideImage\":false,\"wideImageUrl\":\"\"},\"priceArea\":{\"originalPrice\":\"0\",\"salesPrice\":\"29,700\",\"lowestPrice\":null,\"instantDiscountPrice\":\"\",\"criteriaPriceInfo\":\"\",\"basePrice\":\"0\",\"price\":\"29,700\",\"discountRate\":0,\"instantDiscountDescription\":\"\",\"shippingFeeDescription\":null,\"showInstantDiscountDescription\":false,\"discountCountDownText\":null,\"discountExpireTime\":null,\"badDiscount\":false,\"i18nOriginalPrice\":{\"amount\":\"0\",\"rawAmount\":null,\"fractionDigits\":0,\"currency\":\"KRW\"},\"i18nLowestPrice\":null,\"i18nSalesPrice\":{\"amount\":\"29700\",\"rawAmount\":null,\"fractionDigits\":0,\"currency\":\"KRW\"},\"i18nPrice\":{\"amount\":\"29700\",\"rawAmount\":null,\"fractionDigits\":0,\"currency\":\"KRW\"},\"discount\":false,\"instantDiscount\":false,\"i18nBasePrice\":{\"amount\":\"0\",\"rawAmount\":null,\"fractionDigits\":0,\"currency\":\"KRW\"},\"i18nInstantDiscountPrice\":null},\"subscriptionPriceArea\":null,\"snsDiscountRate\":-1,\"wowOnlyInstantDiscountRate\":-1,\"bundlePriceArea\":{\"price\":\"9,900\",\"cnt\":\"10\",\"unitDescription\":\"g\",\"i18nPrice\":{\"amount\":\"9900\",\"rawAmount\":null,\"fractionDigits\":0,\"currency\":\"KRW\"}},\"instantDiscountBundlePriceArea\":{\"price\":\"9,900\",\"cnt\":\"10\",\"unitDescription\":\"g\",\"i18nPrice\":{\"amount\":\"9900\",\"rawAmount\":null,\"fractionDigits\":0,\"currency\":\"KRW\"}},\"buyCntArea\":{\"buyCntInBest50\":\"\",\"buyCnt\":\"\",\"showOriginalCnt\":false,\"premium\":false,\"showCnt\":false},\"soldoutArea\":{\"soldOutText\":\"일시품절\",\"soldout\":false},\"priceTagArea\":{\"css\":\"prod-type discounted-price\",\"title\":\"\",\"discountRate\":\"\"},\"labelArea\":{\"labelAreaContents\":[],\"todayClose\":false},\"badgeArea\":{\"badgeAreaContents\":[]},\"useDateArea\":null,\"uniqueMessageArea\":{\"uniqueMessage\":{\"description\":\"\",\"messages\":[{\"text\":\"\",\"emphasis\":false}]}},\"gaDataArea\":{\"category\":\"\",\"action\":\"\",\"label\":\"\",\"value\":0},\"rocketArea\":{\"badgeImage\":{\"iconUrl\":\"https://image.coupangcdn.com/image/rds/delivery_badge_ext/badge_1998ab96bf7.png\",\"iconWidth\":72,\"iconHeight\":16},\"show\":true},\"globalArea\":{\"badgeImage\":null,\"countryName\":null,\"show\":false},\"productArea\":{\"product\":true},\"cashBackArea\":{\"iconUrl\":\"https://image.coupangcdn.com/image/badges/cashback/web/list-cash-icon@2x.png\",\"cashRewardText\":\"최대 1,485원 적립\"},\"bestAward\":null,\"ccidEligible\":false,\"ccidArea\":null,\"stampImageInfo\":null,\"cornerTagArea\":null,\"link\":\"/vp/products/1930079630?itemId=3276606320\u0026vendorItemId=71263603495\u0026sourceType=SDW_TOP_SELLING_WIDGET_V2\u0026searchId=1a76afe61280463\u0026q=유산균\",\"sequence\":11,\"reviewArea\":{\"ratingAverage\":4.5,\"ratingCount\":963,\"ratingRatio\":90},\"deadLineArea\":{\"almostSoldOut\":false,\"deadLineApproach\":false},\"bestPriceArea\":null,\"topBrandArea\":null,\"bizOnlyArea\":null,\"couPickArea\":null,\"attributeCount\":0,\"attributeName\":\"\",\"packageType\":null,\"productCount\":null,\"vendorItemId\":71263603495,\"benefitBadgeArea\":{\"badgeAreaContents\":[{\"css\":\"\",\"title\":\"와우 345원 캐시 적립\",\"id\":\"CASH_AMASSMENT\",\"discountInfo\":null,\"freeDeliveryStandard\":null}]},\"deliveryBadgeArea\":{\"badgeAreaContents\":[]},\"deliverySpeedBadgeArea\":null,\"subscriptionBundlePriceArea\":null,\"bestSellerBadgeArea\":null,\"rocketFreeShippingBadge\":null,\"promisedDeliveryDateArea\":{\"contents\":[{\"text\":\"내일(금) \",\"size\":14,\"color\":\"#008C00\",\"bold\":false},{\"text\":\"도착 보장\",\"size\":14,\"color\":\"#008C00\",\"bold\":false}],\"deliveryType\":null,\"deliveryBadgeImage\":null,\"notEmpty\":true},\"shippingInfoArea\":null,\"eligibleFalconArea\":null,\"usedProductArea\":{\"usedProductInfo\":null,\"usedProductPrice\":null,\"usedOnlyItem\":false,\"notDisplay\":false},\"adBadgeArea\":{\"sponsored\":false,\"adzerkLog\":null,\"showSeparator\":true},\"preOrder\":null,\"bundleOptionArea\":null,\"lowStockArea\":null,\"ranking\":null,\"couponNudgeText\":null,\"couponNudgeStyle\":null,\"couponTagArea\":null,\"ab56922IsB\":false,\"ab56923IsB\":false,\"ab92528SrpIsB\":false,\"ab92528PlpIsB\":false,\"badgeReorder\":false,\"luxuryBrandAuthenticityArea\":null,\"luxuryNudgeText\":null,\"fePricingCxType\":null,\"handymanArea\":null,\"lastPurchaseArea\":null,\"rluxBrandNameArea\":{\"show\":false,\"badgeImage\":null,\"brandName\":null,\"rluxAuthText\":null},\"adjustSpacingTarget\":false,\"hideArriveInfo\":false,\"emptyCcidAndCashback\":false,\"isRlux\":false,\"isFarfetch\":false,\"properties\":{\"promiseDeliveryDate\":\"내일(금) 도착 보장\",\"extendPdd\":false,\"remoteAreaShippingFeeBadge\":\"False\"},\"badges\":null,\"useBadges\":false,\"sponsored\":false,\"collection\":false,\"underGlobalThreshold\":false,\"showPipe\":false,\"showQuickView\":true,\"isCeCategory\":false},{\"index\":{\"legacyProductId\":{\"legacyProductId\":1689337578,\"itemId\":2876962408},\"salesPrice\":39010,\"itemId\":2876962408,\"componentIds\":[],\"subscriptionPrice\":null,\"subscriptionDiscountRate\":null,\"originalSubscriptionDiscountRate\":null,\"subscriptionVendorItemId\":null,\"vendors\":[{\"id\":\"A00236508\",\"countryCode\":\"KR\",\"countryName\":\"대한민국\"}],\"title\":\"PH365 피에이치365 프로바이오틱스 베이비 아기유산균, 1개, 90g\",\"productTitle\":\"PH365 피에이치365 프로바이오틱스 베이비 아기유산균, 1개, 90g\",\"alternativeTitle\":\"PH365 피에이치365 프로바이오틱스 베이비 아기유산균\",\"imageUrl\":\"vendor_inventory/f7a0/164bfabd481c44ec369d96a7edb7640d9a89eb6fe81a6b7dbb9f12d4ba1c.png\",\"imageMainUrl\":\"vendor_inventory/f7a0/164bfabd481c44ec369d96a7edb7640d9a89eb6fe81a6b7dbb9f12d4ba1c.png\",\"deliveryType\":\"FREE\",\"deliveryInfo\":{\"remoteAreaDeliverable\":true,\"remoteArea\":null,\"outboundShippingTime\":24,\"outboundShippingPlaceId\":2497834,\"logisticType\":\"MERCHANT\",\"isLogistics\":false,\"freeShipOverAmountEx\":{\"currency\":\"KRW\",\"amount\":0},\"finalFreeShipOverAmountEx\":{\"currency\":\"KRW\",\"amount\":0},\"deliveryType\":\"FAST\",\"deliveryMethod\":\"SEQUENCIAL\",\"deliveryCompanyName\":\"우체국\",\"deliveryCompanyCode\":\"D000003\",\"deliveryChargeOnReturnEx\":{\"currency\":\"KRW\",\"amount\":2500},\"deliveryChargeEx\":{\"currency\":\"KRW\",\"amount\":0},\"batchShipment\":true},\"minPrice\":null,\"originalPrice\":45000,\"discountRate\":13,\"linkcodes\":[],\"sellingStatusType\":null,\"attributeCount\":0,\"attributeName\":null,\"productType\":\"PRODUCT\",\"itemImages\":null,\"defaultExposure\":false,\"trackingCodeMain\":null,\"trackingCodeSub\":null,\"reviewRatingAverage\":5,\"reviewRatingCount\":2771,\"sectionContent\":null,\"hasUnitPriceInfo\":false,\"unitPriceInfo\":null,\"latLngs\":null,\"categoryBestIds\":null,\"debugInfo\":null,\"packageType\":null,\"bestPrice\":false,\"rocketWow\":false,\"rocketFresh\":false,\"pricePrefix\":\"\",\"priceDescription\":null,\"discountedDescription\":\"\",\"subscribeCouponPrice\":null,\"unitPrice\":{\"amount\":10,\"extendedPrice\":{\"money\":{\"amount\":4334,\"currency\":\"KRW\"},\"offset\":0},\"priceEx\":{\"amount\":4334,\"currency\":\"KRW\"},\"unit\":\"g\"},\"subscribeUnitPrice\":null,\"badges\":[{\"attributeByKey\":{},\"id\":\"FREE_SHIPPING\",\"text\":\"무료배송\",\"type\":\"SHIPPINGTYPE\"},{\"attributeByKey\":{},\"id\":\"ROCKET_CASH_REWARD\",\"text\":\"최대 1,950원 적립\",\"type\":\"ROCKET_REWARD\"}],\"brands\":[\"PH365 피에이치365\"],\"brandIds\":[],\"benefits\":null,\"subscribeBenefits\":null,\"falconDeliveryType\":null,\"falconDeliveryDate\":null,\"promisedDeliveryDate\":[{\"bold\":false,\"color\":\"#212B36\",\"size\":14,\"text\":\"모레(토) \"},{\"bold\":false,\"color\":\"#212B36\",\"size\":14,\"text\":\"도착 예정\"}],\"promisedDeliveryDateExpressions\":{\"STANDARD\":{\"cutOffDateUTC\":\"2025-11-21T05:00:00.000Z\",\"expressions\":[{\"bold\":false,\"color\":\"#212B36\",\"size\":14,\"text\":\"모레(토) \"},{\"bold\":false,\"color\":\"#212B36\",\"size\":14,\"text\":\"도착 예정\"}],\"pddUTC\":\"2025-11-22T14:59:59.999Z\"}},\"dateInfo\":null,\"hasNewItem\":true,\"sponsored\":false,\"logging\":null,\"usedProductInfo\":null,\"usedProductPrice\":null,\"usedOnlyItem\":false,\"detailPriceInfos\":[{\"quantity\":1,\"priceType\":\"FINAL_PRICE\",\"price\":39010,\"priceWithDeliveryFee\":39010,\"discountType\":null,\"discountRate\":13,\"priceBasedDiscountRate\":13,\"promotionBadgeTexts\":{},\"discountAmount\":0,\"description\":\"\",\"unitPrice\":{\"amount\":10,\"extendedPrice\":{\"money\":{\"amount\":4334,\"currency\":\"KRW\"},\"offset\":0},\"priceEx\":{\"amount\":4334,\"currency\":\"KRW\"},\"unit\":\"g\"},\"unitPriceWithDeliveryFee\":{\"amount\":10,\"extendedPrice\":{\"money\":{\"amount\":4334,\"currency\":\"KRW\"},\"offset\":0},\"priceEx\":null,\"unit\":\"g\"},\"eligibilityConditions\":{},\"priceEx\":null,\"manageCode\":null,\"expiryDate\":null,\"membershipType\":null,\"paymentMethodId\":null,\"paymentMethodDescription\":null,\"cardIdentificationType\":null,\"cardBrand\":null,\"cardCode\":null,\"cardType\":null,\"i18nDiscountAmount\":{\"amount\":\"0\",\"rawAmount\":0,\"fractionDigits\":0,\"currency\":\"KRW\"},\"percentageDiscount\":false,\"i18nPrice\":{\"amount\":\"39010\",\"rawAmount\":39010,\"fractionDigits\":0,\"currency\":\"KRW\"},\"fixedDiscount\":false},{\"quantity\":1,\"priceType\":\"DELIVERY_BUNDLE_REWARD_CASH\",\"price\":390,\"priceWithDeliveryFee\":0,\"discountType\":\"PERCENTAGE\",\"discountRate\":1,\"priceBasedDiscountRate\":null,\"promotionBadgeTexts\":{},\"discountAmount\":390,\"description\":\"쿠페이 머니 결제 시 1% 적립\",\"unitPrice\":null,\"unitPriceWithDeliveryFee\":null,\"eligibilityConditions\":{\"USER_BUDGET\":[\"10000\"],\"USER_BUDGET_I18N\":[\"{\\\"currencyCode\\\":\\\"KRW\\\",\\\"units\\\":10000,\\\"nanos\\\":0}\"]},\"priceEx\":null,\"manageCode\":\"COUPAY_MONEY_CASHBACK\",\"expiryDate\":4070962799000,\"membershipType\":null,\"paymentMethodId\":null,\"paymentMethodDescription\":null,\"cardIdentificationType\":null,\"cardBrand\":null,\"cardCode\":null,\"cardType\":null,\"i18nDiscountAmount\":{\"amount\":\"390\",\"rawAmount\":390,\"fractionDigits\":0,\"currency\":\"KRW\"},\"percentageDiscount\":true,\"i18nPrice\":{\"amount\":\"390\",\"rawAmount\":390,\"fractionDigits\":0,\"currency\":\"KRW\"},\"fixedDiscount\":false},{\"quantity\":1,\"priceType\":\"ANCHOR_PRICE\",\"price\":45000,\"priceWithDeliveryFee\":45000,\"discountType\":null,\"discountRate\":null,\"priceBasedDiscountRate\":null,\"promotionBadgeTexts\":{},\"discountAmount\":0,\"description\":null,\"unitPrice\":{\"amount\":10,\"extendedPrice\":{\"money\":{\"amount\":5000,\"currency\":\"KRW\"},\"offset\":0},\"priceEx\":{\"amount\":5000,\"currency\":\"KRW\"},\"unit\":\"g\"},\"unitPriceWithDeliveryFee\":{\"amount\":10,\"extendedPrice\":{\"money\":{\"amount\":5000,\"currency\":\"KRW\"},\"offset\":0},\"priceEx\":null,\"unit\":\"g\"},\"eligibilityConditions\":{},\"priceEx\":null,\"manageCode\":null,\"expiryDate\":null,\"membershipType\":null,\"paymentMethodId\":null,\"paymentMethodDescription\":null,\"cardIdentificationType\":null,\"cardBrand\":null,\"cardCode\":null,\"cardType\":null,\"i18nDiscountAmount\":{\"amount\":\"0\",\"rawAmount\":0,\"fractionDigits\":0,\"currency\":\"KRW\"},\"percentageDiscount\":false,\"i18nPrice\":{\"amount\":\"45000\",\"rawAmount\":45000,\"fractionDigits\":0,\"currency\":\"KRW\"},\"fixedDiscount\":false},{\"quantity\":1,\"priceType\":\"ORIGINAL\",\"price\":45000,\"priceWithDeliveryFee\":45000,\"discountType\":null,\"discountRate\":null,\"priceBasedDiscountRate\":null,\"promotionBadgeTexts\":{},\"discountAmount\":0,\"description\":null,\"unitPrice\":{\"amount\":10,\"extendedPrice\":{\"money\":{\"amount\":5000,\"currency\":\"KRW\"},\"offset\":0},\"priceEx\":{\"amount\":5000,\"currency\":\"KRW\"},\"unit\":\"g\"},\"unitPriceWithDeliveryFee\":{\"amount\":10,\"extendedPrice\":{\"money\":{\"amount\":5000,\"currency\":\"KRW\"},\"offset\":0},\"priceEx\":null,\"unit\":\"g\"},\"eligibilityConditions\":{},\"priceEx\":null,\"manageCode\":null,\"expiryDate\":null,\"membershipType\":null,\"paymentMethodId\":null,\"paymentMethodDescription\":null,\"cardIdentificationType\":null,\"cardBrand\":null,\"cardCode\":null,\"cardType\":null,\"i18nDiscountAmount\":{\"amount\":\"0\",\"rawAmount\":0,\"fractionDigits\":0,\"currency\":\"KRW\"},\"percentageDiscount\":false,\"i18nPrice\":{\"amount\":\"45000\",\"rawAmount\":45000,\"fractionDigits\":0,\"currency\":\"KRW\"},\"fixedDiscount\":false},{\"quantity\":1,\"priceType\":\"SALES\",\"price\":39010,\"priceWithDeliveryFee\":39010,\"discountType\":null,\"discountRate\":13,\"priceBasedDiscountRate\":13,\"promotionBadgeTexts\":{},\"discountAmount\":0,\"description\":\"쿠팡판매가\",\"unitPrice\":{\"amount\":10,\"extendedPrice\":{\"money\":{\"amount\":4334,\"currency\":\"KRW\"},\"offset\":0},\"priceEx\":{\"amount\":4334,\"currency\":\"KRW\"},\"unit\":\"g\"},\"unitPriceWithDeliveryFee\":{\"amount\":10,\"extendedPrice\":{\"money\":{\"amount\":4334,\"currency\":\"KRW\"},\"offset\":0},\"priceEx\":null,\"unit\":\"g\"},\"eligibilityConditions\":{},\"priceEx\":null,\"manageCode\":null,\"expiryDate\":null,\"membershipType\":null,\"paymentMethodId\":null,\"paymentMethodDescription\":null,\"cardIdentificationType\":null,\"cardBrand\":null,\"cardCode\":null,\"cardType\":null,\"i18nDiscountAmount\":{\"amount\":\"0\",\"rawAmount\":0,\"fractionDigits\":0,\"currency\":\"KRW\"},\"percentageDiscount\":false,\"i18nPrice\":{\"amount\":\"39010\",\"rawAmount\":39010,\"fractionDigits\":0,\"currency\":\"KRW\"},\"fixedDiscount\":false}],\"priceByMemberStatus\":{\"NOT_MEMBER\":[{\"quantity\":1,\"priceType\":\"FINAL_PRICE\",\"price\":39010,\"priceWithDeliveryFee\":39010,\"discountType\":null,\"discountRate\":13,\"priceBasedDiscountRate\":13,\"promotionBadgeTexts\":{},\"discountAmount\":0,\"description\":\"\",\"unitPrice\":{\"amount\":10,\"extendedPrice\":{\"money\":{\"amount\":4334,\"currency\":\"KRW\"},\"offset\":0},\"priceEx\":{\"amount\":4334,\"currency\":\"KRW\"},\"unit\":\"g\"},\"unitPriceWithDeliveryFee\":{\"amount\":10,\"extendedPrice\":{\"money\":{\"amount\":4334,\"currency\":\"KRW\"},\"offset\":0},\"priceEx\":null,\"unit\":\"g\"},\"eligibilityConditions\":{},\"priceEx\":null,\"manageCode\":null,\"expiryDate\":null,\"membershipType\":null,\"paymentMethodId\":null,\"paymentMethodDescription\":null,\"cardIdentificationType\":null,\"cardBrand\":null,\"cardCode\":null,\"cardType\":null,\"i18nDiscountAmount\":{\"amount\":\"0\",\"rawAmount\":0,\"fractionDigits\":0,\"currency\":\"KRW\"},\"percentageDiscount\":false,\"i18nPrice\":{\"amount\":\"39010\",\"rawAmount\":39010,\"fractionDigits\":0,\"currency\":\"KRW\"},\"fixedDiscount\":false},{\"quantity\":1,\"priceType\":\"DELIVERY_BUNDLE_REWARD_CASH\",\"price\":390,\"priceWithDeliveryFee\":0,\"discountType\":\"PERCENTAGE\",\"discountRate\":1,\"priceBasedDiscountRate\":null,\"promotionBadgeTexts\":{},\"discountAmount\":390,\"description\":\"쿠페이 머니 결제 시 1% 적립\",\"unitPrice\":null,\"unitPriceWithDeliveryFee\":null,\"eligibilityConditions\":{\"USER_BUDGET\":[\"10000\"],\"USER_BUDGET_I18N\":[\"{\\\"currencyCode\\\":\\\"KRW\\\",\\\"units\\\":10000,\\\"nanos\\\":0}\"]},\"priceEx\":null,\"manageCode\":\"COUPAY_MONEY_CASHBACK\",\"expiryDate\":4070962799000,\"membershipType\":null,\"paymentMethodId\":null,\"paymentMethodDescription\":null,\"cardIdentificationType\":null,\"cardBrand\":null,\"cardCode\":null,\"cardType\":null,\"i18nDiscountAmount\":{\"amount\":\"390\",\"rawAmount\":390,\"fractionDigits\":0,\"currency\":\"KRW\"},\"percentageDiscount\":true,\"i18nPrice\":{\"amount\":\"390\",\"rawAmount\":390,\"fractionDigits\":0,\"currency\":\"KRW\"},\"fixedDiscount\":false},{\"quantity\":1,\"priceType\":\"ANCHOR_PRICE\",\"price\":45000,\"priceWithDeliveryFee\":45000,\"discountType\":null,\"discountRate\":null,\"priceBasedDiscountRate\":null,\"promotionBadgeTexts\":{},\"discountAmount\":0,\"description\":null,\"unitPrice\":{\"amount\":10,\"extendedPrice\":{\"money\":{\"amount\":5000,\"currency\":\"KRW\"},\"offset\":0},\"priceEx\":{\"amount\":5000,\"currency\":\"KRW\"},\"unit\":\"g\"},\"unitPriceWithDeliveryFee\":{\"amount\":10,\"extendedPrice\":{\"money\":{\"amount\":5000,\"currency\":\"KRW\"},\"offset\":0},\"priceEx\":null,\"unit\":\"g\"},\"eligibilityConditions\":{},\"priceEx\":null,\"manageCode\":null,\"expiryDate\":null,\"membershipType\":null,\"paymentMethodId\":null,\"paymentMethodDescription\":null,\"cardIdentificationType\":null,\"cardBrand\":null,\"cardCode\":null,\"cardType\":null,\"i18nDiscountAmount\":{\"amount\":\"0\",\"rawAmount\":0,\"fractionDigits\":0,\"currency\":\"KRW\"},\"percentageDiscount\":false,\"i18nPrice\":{\"amount\":\"45000\",\"rawAmount\":45000,\"fractionDigits\":0,\"currency\":\"KRW\"},\"fixedDiscount\":false},{\"quantity\":1,\"priceType\":\"ORIGINAL\",\"price\":45000,\"priceWithDeliveryFee\":45000,\"discountType\":null,\"discountRate\":null,\"priceBasedDiscountRate\":null,\"promotionBadgeTexts\":{},\"discountAmount\":0,\"description\":null,\"unitPrice\":{\"amount\":10,\"extendedPrice\":{\"money\":{\"amount\":5000,\"currency\":\"KRW\"},\"offset\":0},\"priceEx\":{\"amount\":5000,\"currency\":\"KRW\"},\"unit\":\"g\"},\"unitPriceWithDeliveryFee\":{\"amount\":10,\"extendedPrice\":{\"money\":{\"amount\":5000,\"currency\":\"KRW\"},\"offset\":0},\"priceEx\":null,\"unit\":\"g\"},\"eligibilityConditions\":{},\"priceEx\":null,\"manageCode\":null,\"expiryDate\":null,\"membershipType\":null,\"paymentMethodId\":null,\"paymentMethodDescription\":null,\"cardIdentificationType\":null,\"cardBrand\":null,\"cardCode\":null,\"cardType\":null,\"i18nDiscountAmount\":{\"amount\":\"0\",\"rawAmount\":0,\"fractionDigits\":0,\"currency\":\"KRW\"},\"percentageDiscount\":false,\"i18nPrice\":{\"amount\":\"45000\",\"rawAmount\":45000,\"fractionDigits\":0,\"currency\":\"KRW\"},\"fixedDiscount\":false},{\"quantity\":1,\"priceType\":\"SALES\",\"price\":39010,\"priceWithDeliveryFee\":39010,\"discountType\":null,\"discountRate\":13,\"priceBasedDiscountRate\":13,\"promotionBadgeTexts\":{},\"discountAmount\":0,\"description\":\"쿠팡판매가\",\"unitPrice\":{\"amount\":10,\"extendedPrice\":{\"money\":{\"amount\":4334,\"currency\":\"KRW\"},\"offset\":0},\"priceEx\":{\"amount\":4334,\"currency\":\"KRW\"},\"unit\":\"g\"},\"unitPriceWithDeliveryFee\":{\"amount\":10,\"extendedPrice\":{\"money\":{\"amount\":4334,\"currency\":\"KRW\"},\"offset\":0},\"priceEx\":null,\"unit\":\"g\"},\"eligibilityConditions\":{},\"priceEx\":null,\"manageCode\":null,\"expiryDate\":null,\"membershipType\":null,\"paymentMethodId\":null,\"paymentMethodDescription\":null,\"cardIdentificationType\":null,\"cardBrand\":null,\"cardCode\":null,\"cardType\":null,\"i18nDiscountAmount\":{\"amount\":\"0\",\"rawAmount\":0,\"fractionDigits\":0,\"currency\":\"KRW\"},\"percentageDiscount\":false,\"i18nPrice\":{\"amount\":\"39010\",\"rawAmount\":39010,\"fractionDigits\":0,\"currency\":\"KRW\"},\"fixedDiscount\":false}],\"MEMBER\":[{\"quantity\":1,\"priceType\":\"FINAL_PRICE\",\"price\":39010,\"priceWithDeliveryFee\":39010,\"discountType\":null,\"discountRate\":13,\"priceBasedDiscountRate\":13,\"promotionBadgeTexts\":{},\"discountAmount\":0,\"description\":\"\",\"unitPrice\":{\"amount\":10,\"extendedPrice\":{\"money\":{\"amount\":4334,\"currency\":\"KRW\"},\"offset\":0},\"priceEx\":{\"amount\":4334,\"currency\":\"KRW\"},\"unit\":\"g\"},\"unitPriceWithDeliveryFee\":{\"amount\":10,\"extendedPrice\":{\"money\":{\"amount\":4334,\"currency\":\"KRW\"},\"offset\":0},\"priceEx\":null,\"unit\":\"g\"},\"eligibilityConditions\":{},\"priceEx\":null,\"manageCode\":null,\"expiryDate\":null,\"membershipType\":null,\"paymentMethodId\":null,\"paymentMethodDescription\":null,\"cardIdentificationType\":null,\"cardBrand\":null,\"cardCode\":null,\"cardType\":null,\"i18nDiscountAmount\":{\"amount\":\"0\",\"rawAmount\":0,\"fractionDigits\":0,\"currency\":\"KRW\"},\"percentageDiscount\":false,\"i18nPrice\":{\"amount\":\"39010\",\"rawAmount\":39010,\"fractionDigits\":0,\"currency\":\"KRW\"},\"fixedDiscount\":false},{\"quantity\":1,\"priceType\":\"DELIVERY_BUNDLE_REWARD_CASH\",\"price\":390,\"priceWithDeliveryFee\":0,\"discountType\":\"PERCENTAGE\",\"discountRate\":1,\"priceBasedDiscountRate\":null,\"promotionBadgeTexts\":{},\"discountAmount\":390,\"description\":\"쿠페이 머니 결제 시 1% 적립\",\"unitPrice\":null,\"unitPriceWithDeliveryFee\":null,\"eligibilityConditions\":{\"USER_BUDGET\":[\"10000\"],\"USER_BUDGET_I18N\":[\"{\\\"currencyCode\\\":\\\"KRW\\\",\\\"units\\\":10000,\\\"nanos\\\":0}\"]},\"priceEx\":null,\"manageCode\":\"COUPAY_MONEY_CASHBACK\",\"expiryDate\":4070962799000,\"membershipType\":null,\"paymentMethodId\":null,\"paymentMethodDescription\":null,\"cardIdentificationType\":null,\"cardBrand\":null,\"cardCode\":null,\"cardType\":null,\"i18nDiscountAmount\":{\"amount\":\"390\",\"rawAmount\":390,\"fractionDigits\":0,\"currency\":\"KRW\"},\"percentageDiscount\":true,\"i18nPrice\":{\"amount\":\"390\",\"rawAmount\":390,\"fractionDigits\":0,\"currency\":\"KRW\"},\"fixedDiscount\":false},{\"quantity\":1,\"priceType\":\"ROCKET_WOW_COUPAY_MONEY_REWARD_CASH\",\"price\":1560,\"priceWithDeliveryFee\":0,\"discountType\":\"PERCENTAGE\",\"discountRate\":4,\"priceBasedDiscountRate\":null,\"promotionBadgeTexts\":{},\"discountAmount\":1560,\"description\":\"[로켓와우 + 쿠페이 머니] 결제 시 4% 추가적립\",\"unitPrice\":null,\"unitPriceWithDeliveryFee\":null,\"eligibilityConditions\":{\"USER_BUDGET\":[\"40000\"],\"ELIGIBILITY_DAYS\":[\"30\"],\"USER_BUDGET_I18N\":[\"{\\\"currencyCode\\\":\\\"KRW\\\",\\\"units\\\":40000,\\\"nanos\\\":0}\"]},\"priceEx\":null,\"manageCode\":\"ROCKETWOW_COUPAY_MONEY_CASHBACK_JUN2019\",\"expiryDate\":1930003200000,\"membershipType\":null,\"paymentMethodId\":null,\"paymentMethodDescription\":null,\"cardIdentificationType\":null,\"cardBrand\":null,\"cardCode\":null,\"cardType\":null,\"i18nDiscountAmount\":{\"amount\":\"1560\",\"rawAmount\":1560,\"fractionDigits\":0,\"currency\":\"KRW\"},\"percentageDiscount\":true,\"i18nPrice\":{\"amount\":\"1560\",\"rawAmount\":1560,\"fractionDigits\":0,\"currency\":\"KRW\"},\"fixedDiscount\":false},{\"quantity\":1,\"priceType\":\"ROCKET_WOW_COUPAY_BANK_REWARD_CASH\",\"price\":780,\"priceWithDeliveryFee\":0,\"discountType\":\"PERCENTAGE\",\"discountRate\":2,\"priceBasedDiscountRate\":null,\"promotionBadgeTexts\":{},\"discountAmount\":780,\"description\":\"[로켓와우 + 쿠페이 계좌이체] 결제 시 2% 적립\",\"unitPrice\":null,\"unitPriceWithDeliveryFee\":null,\"eligibilityConditions\":{\"USER_BUDGET\":[\"20000\"],\"ELIGIBILITY_DAYS\":[\"30\"],\"USER_BUDGET_I18N\":[\"{\\\"currencyCode\\\":\\\"KRW\\\",\\\"units\\\":20000,\\\"nanos\\\":0}\"]},\"priceEx\":null,\"manageCode\":\"ROCKETWOW_COUPAY_BANK_CASHBACK_JUN2019\",\"expiryDate\":1930003200000,\"membershipType\":null,\"paymentMethodId\":null,\"paymentMethodDescription\":null,\"cardIdentificationType\":null,\"cardBrand\":null,\"cardCode\":null,\"cardType\":null,\"i18nDiscountAmount\":{\"amount\":\"780\",\"rawAmount\":780,\"fractionDigits\":0,\"currency\":\"KRW\"},\"percentageDiscount\":true,\"i18nPrice\":{\"amount\":\"780\",\"rawAmount\":780,\"fractionDigits\":0,\"currency\":\"KRW\"},\"fixedDiscount\":false},{\"quantity\":1,\"priceType\":\"ANCHOR_PRICE\",\"price\":45000,\"priceWithDeliveryFee\":45000,\"discountType\":null,\"discountRate\":null,\"priceBasedDiscountRate\":null,\"promotionBadgeTexts\":{},\"discountAmount\":0,\"description\":null,\"unitPrice\":{\"amount\":10,\"extendedPrice\":{\"money\":{\"amount\":5000,\"currency\":\"KRW\"},\"offset\":0},\"priceEx\":{\"amount\":5000,\"currency\":\"KRW\"},\"unit\":\"g\"},\"unitPriceWithDeliveryFee\":{\"amount\":10,\"extendedPrice\":{\"money\":{\"amount\":5000,\"currency\":\"KRW\"},\"offset\":0},\"priceEx\":null,\"unit\":\"g\"},\"eligibilityConditions\":{},\"priceEx\":null,\"manageCode\":null,\"expiryDate\":null,\"membershipType\":null,\"paymentMethodId\":null,\"paymentMethodDescription\":null,\"cardIdentificationType\":null,\"cardBrand\":null,\"cardCode\":null,\"cardType\":null,\"i18nDiscountAmount\":{\"amount\":\"0\",\"rawAmount\":0,\"fractionDigits\":0,\"currency\":\"KRW\"},\"percentageDiscount\":false,\"i18nPrice\":{\"amount\":\"45000\",\"rawAmount\":45000,\"fractionDigits\":0,\"currency\":\"KRW\"},\"fixedDiscount\":false},{\"quantity\":1,\"priceType\":\"ORIGINAL\",\"price\":45000,\"priceWithDeliveryFee\":45000,\"discountType\":null,\"discountRate\":null,\"priceBasedDiscountRate\":null,\"promotionBadgeTexts\":{},\"discountAmount\":0,\"description\":null,\"unitPrice\":{\"amount\":10,\"extendedPrice\":{\"money\":{\"amount\":5000,\"currency\":\"KRW\"},\"offset\":0},\"priceEx\":{\"amount\":5000,\"currency\":\"KRW\"},\"unit\":\"g\"},\"unitPriceWithDeliveryFee\":{\"amount\":10,\"extendedPrice\":{\"money\":{\"amount\":5000,\"currency\":\"KRW\"},\"offset\":0},\"priceEx\":null,\"unit\":\"g\"},\"eligibilityConditions\":{},\"priceEx\":null,\"manageCode\":null,\"expiryDate\":null,\"membershipType\":null,\"paymentMethodId\":null,\"paymentMethodDescription\":null,\"cardIdentificationType\":null,\"cardBrand\":null,\"cardCode\":null,\"cardType\":null,\"i18nDiscountAmount\":{\"amount\":\"0\",\"rawAmount\":0,\"fractionDigits\":0,\"currency\":\"KRW\"},\"percentageDiscount\":false,\"i18nPrice\":{\"amount\":\"45000\",\"rawAmount\":45000,\"fractionDigits\":0,\"currency\":\"KRW\"},\"fixedDiscount\":false},{\"quantity\":1,\"priceType\":\"SALES\",\"price\":39010,\"priceWithDeliveryFee\":39010,\"discountType\":null,\"discountRate\":13,\"priceBasedDiscountRate\":13,\"promotionBadgeTexts\":{},\"discountAmount\":0,\"description\":\"쿠팡판매가\",\"unitPrice\":{\"amount\":10,\"extendedPrice\":{\"money\":{\"amount\":4334,\"currency\":\"KRW\"},\"offset\":0},\"priceEx\":{\"amount\":4334,\"currency\":\"KRW\"},\"unit\":\"g\"},\"unitPriceWithDeliveryFee\":{\"amount\":10,\"extendedPrice\":{\"money\":{\"amount\":4334,\"currency\":\"KRW\"},\"offset\":0},\"priceEx\":null,\"unit\":\"g\"},\"eligibilityConditions\":{},\"priceEx\":null,\"manageCode\":null,\"expiryDate\":null,\"membershipType\":null,\"paymentMethodId\":null,\"paymentMethodDescription\":null,\"cardIdentificationType\":null,\"cardBrand\":null,\"cardCode\":null,\"cardType\":null,\"i18nDiscountAmount\":{\"amount\":\"0\",\"rawAmount\":0,\"fractionDigits\":0,\"currency\":\"KRW\"},\"percentageDiscount\":false,\"i18nPrice\":{\"amount\":\"39010\",\"rawAmount\":39010,\"fractionDigits\":0,\"currency\":\"KRW\"},\"fixedDiscount\":false}]},\"paymentMethodPricesByMemberStatus\":{},\"paymentMethodPrices\":[],\"showWowPrice\":false,\"properties\":{\"AUTO_CANCELED\":\"APPROVAL_CANCEL\",\"PRINT_BUTTON_SHOWED\":\"true\",\"IS_IMPORT_AGENCY\":\"false\",\"OVERSEAS_PURCHASED\":\"false\",\"ORIGIN_VENDOR_ITEM_VALID\":\"true\",\"SEPARATE_REFUND_POLICY\":\"false\",\"PERSONAL_INFORMATION_USE_AGREE\":\"false\",\"TAX_TYPE\":\"TAX\",\"BEST_PRICE_GUARANTEED_3P\":\"false\",\"OFFER_CONDITION\":\"NEW\",\"ORIGINAL_PRICE_FOR_RETAIL\":\"45000\",\"IS_PCC_NEEDED\":\"false\",\"SEVEN_REFUND_AGREE\":\"false\",\"ORIGINAL_PRICE_FOR_RETAIL_I18N\":\"{\\\"currencyCode\\\":\\\"KRW\\\",\\\"units\\\":45000,\\\"nanos\\\":0}\",\"ROCKET_DELIVERY_PDD_3P\":\"false\",\"CANCEL_BUTTON_SHOWED\":\"false\",\"PARALLEL_IMPORTED\":\"false\",\"FRONT_CANCELABLE\":\"true\",\"EXTRA_INFO_LABEL\":\"\",\"THIRD_PARTY_AGREE\":\"true\",\"PRE_ORDER\":\"false\",\"REMOTE_AREA_DELIVERABLE\":\"true\",\"EXTRA_INFO_LABEL_EX\":\"{\\\"ko_KR\\\":\\\"\\\"}\",\"PURCHASED_BEFORE\":\"false\",\"COLD_START\":\"false\",\"RANK_BEFORE_COLD_START_BOOST\":\"0\",\"OFFER_CONDITION_V2\":\"NEW\"},\"itemAttributes\":{\"7347\":{\"expose\":false,\"id\":7347,\"name\":\"건강식품 사용대상\",\"value\":\"어린이\",\"valueWithUnit\":\"어린이\",\"weight\":7,\"unitDescription\":\"없음\"},\"7637\":{\"expose\":true,\"id\":7637,\"name\":\"개당 중량\",\"value\":\"90\",\"valueWithUnit\":\"90g\",\"weight\":12,\"unitDescription\":\"g\"},\"7652\":{\"expose\":true,\"id\":7652,\"name\":\"수량\",\"value\":\"1\",\"valueWithUnit\":\"1개\",\"weight\":1,\"unitDescription\":\"개\"},\"7923\":{\"expose\":false,\"id\":7923,\"name\":\"구성품\",\"value\":\"단품\",\"valueWithUnit\":\"단품\",\"weight\":11,\"unitDescription\":\"없음\"},\"10573\":{\"expose\":false,\"id\":10573,\"name\":\"건강식품 타입\",\"value\":\"스틱\",\"valueWithUnit\":\"스틱\",\"weight\":8,\"unitDescription\":\"없음\"},\"11024\":{\"expose\":false,\"id\":11024,\"name\":\"기능별 영양제\",\"value\":\"해당없음\",\"valueWithUnit\":\"해당없음\",\"weight\":10,\"unitDescription\":\"없음\"},\"11411\":{\"expose\":false,\"id\":11411,\"name\":\"보관방식\",\"value\":\"실온보관\",\"valueWithUnit\":\"실온보관\",\"weight\":5,\"unitDescription\":\"없음\"},\"12293\":{\"expose\":false,\"id\":12293,\"name\":\"총 캡슐/정 수량\",\"value\":\"30\",\"valueWithUnit\":\"30개입\",\"weight\":13,\"unitDescription\":\"개입\"},\"12433\":{\"expose\":false,\"id\":12433,\"name\":\"개당 용량/중량/정\",\"value\":\"30개입\",\"valueWithUnit\":\"30개입\",\"weight\":0,\"unitDescription\":\"개입\"},\"12546\":{\"expose\":false,\"id\":12546,\"name\":\"건강기능식품\",\"value\":\"인증 있음\",\"valueWithUnit\":\"인증 있음\",\"weight\":6,\"unitDescription\":\"없음\"},\"12746\":{\"expose\":false,\"id\":12746,\"name\":\"유산균 종류\",\"value\":\"신바이오틱스\",\"valueWithUnit\":\"신바이오틱스\",\"weight\":2,\"unitDescription\":\"없음\"},\"12747\":{\"expose\":false,\"id\":12747,\"name\":\"유산균 특징\",\"value\":\"프롤린유산균\",\"valueWithUnit\":\"프롤린유산균\",\"weight\":3,\"unitDescription\":\"없음\"},\"12915\":{\"expose\":false,\"id\":12915,\"name\":\"건강식품 성분\",\"value\":\"단일영양제\",\"valueWithUnit\":\"단일영양제\",\"weight\":4,\"unitDescription\":\"없음\"},\"12916\":{\"expose\":false,\"id\":12916,\"name\":\"유산균 보장균수\",\"value\":\"11~50억\",\"valueWithUnit\":\"11~50억\",\"weight\":9,\"unitDescription\":\"없음\"}},\"adhocProperties\":{},\"divisionType\":\"GOODS\",\"offerAttribute\":null,\"badgeReorder\":false,\"soldOutReason\":null,\"purchasedCount\":null,\"lastPurchasedDateUTC\":null,\"warrantyService\":{\"warrantyMonth\":0,\"available\":false},\"brandInfoList\":null,\"freebie\":null,\"wowMember\":false,\"memberDto\":{\"loyaltyMemberId\":null,\"loyaltyMemberStatus\":\"UNKNOWN\",\"rocketWowEligible\":true,\"profilingSegments\":[],\"acquirerCode\":null,\"creditCardHistoryIn90Day\":null,\"agreeCollect\":false,\"studentStatus\":null,\"membershipBenefits\":[{\"type\":\"CARD_ISSUANCE.WOW\",\"attribute\":null,\"granted\":true},{\"type\":\"CASHBACK.BASIC\",\"attribute\":null,\"granted\":false},{\"type\":\"EATS\",\"attribute\":null,\"granted\":false},{\"type\":\"FAST_DELIVERY.DAWN\",\"attribute\":null,\"granted\":false},{\"type\":\"FAST_DELIVERY.PDD\",\"attribute\":null,\"granted\":false},{\"type\":\"FAST_DELIVERY.SAME_DAY\",\"attribute\":null,\"granted\":false},{\"type\":\"FREE_RETURN.FARFETCH\",\"attribute\":null,\"granted\":false},{\"type\":\"FREE_RETURN.JIKGU\",\"attribute\":null,\"granted\":false},{\"type\":\"FREE_RETURN.OTHERS\",\"attribute\":null,\"granted\":false},{\"type\":\"FREE_RETURN.ROCKET\",\"attribute\":null,\"granted\":false},{\"type\":\"FREE_SHIPPING.FARFETCH\",\"attribute\":null,\"granted\":true},{\"type\":\"FREE_SHIPPING.JIKGU\",\"attribute\":null,\"granted\":false},{\"type\":\"FREE_SHIPPING.OTHERS\",\"attribute\":null,\"granted\":false},{\"type\":\"FREE_SHIPPING.ROCKET\",\"attribute\":null,\"granted\":false},{\"type\":\"MEMBERSHIP_ENABLEMENT.WOW\",\"attribute\":null,\"granted\":false},{\"type\":\"MEMBERSHIP_PERIOD.WOW\",\"attribute\":null,\"granted\":true},{\"type\":\"MEMBERSHIP_PRICE.WOW\",\"attribute\":null,\"granted\":true},{\"type\":\"PLAY\",\"attribute\":null,\"granted\":false},{\"type\":\"PURCHASE.FRESH\",\"attribute\":null,\"granted\":false},{\"type\":\"SIGNUP_PROMOTION.PPC_PROMOTION\",\"attribute\":null,\"granted\":true},{\"type\":\"SIGNUP_PROMOTION.PPD_PROMOTION\",\"attribute\":null,\"granted\":true},{\"type\":\"SIGNUP_PROMOTION.WELCOME_PROMOTION\",\"attribute\":null,\"granted\":true},{\"type\":\"WOW_PRICE.BASIC\",\"attribute\":null,\"granted\":false},{\"type\":\"WOW_PRICE.BEST_PRICE\",\"attribute\":null,\"granted\":false},{\"type\":\"WOW_PRICE.EXCLUSIVE_PRICE\",\"attribute\":null,\"granted\":false},{\"type\":\"WOW_PRICE.TIME_DISCOUNT\",\"attribute\":null,\"granted\":false},{\"type\":\"WOW_PRICE.TRAVEL_DISCOUNT\",\"attribute\":null,\"granted\":false},{\"type\":\"WOW_PRICE.WOW_CCID\",\"attribute\":null,\"granted\":false},{\"type\":\"WOW_PRICE.WOW_DISCOUNT\",\"attribute\":null,\"granted\":false},{\"type\":\"WOW_PRICE.WOW_ONLY_COUPON\",\"attribute\":null,\"granted\":false}],\"memberPaymentDto\":{\"activeOptionAcquirerCode\":null,\"activeOptionExist\":false,\"activeOptionCardType\":null,\"activeOptionPayType\":null,\"activeOptionCardBrandCode\":null,\"activeOptionCardIdentificationType\":null,\"activeOptionPartnerBrand\":null},\"rocketWowMember\":false,\"nonPseudoRocketWowMember\":false,\"pseudoMember\":false},\"categoryId\":8541,\"remoteShippingFeeChargeable\":false,\"adult\":false,\"rocketDelivery\":false,\"freeDelivery\":true,\"directUse\":false,\"freeOver9800Delivery\":false,\"i18nCouponPrice\":null,\"subscriptionDelivery\":false,\"subscriptionPromotion\":false,\"globalDelivery\":false,\"i18nOriginalPrice\":{\"amount\":\"45000\",\"rawAmount\":45000,\"fractionDigits\":0,\"currency\":\"KRW\"},\"i18nSubscriptionPrice\":null,\"couPick\":false,\"i18nSalesPrice\":{\"amount\":\"39010\",\"rawAmount\":39010,\"fractionDigits\":0,\"currency\":\"KRW\"},\"i18nMinPrice\":null,\"i18nSubscribeCouponPrice\":null},\"legacyProductId\":1689337578,\"bestArea\":{\"sequence\":-1,\"show\":false},\"imageAndTitleArea\":{\"description\":\"\",\"title\":\"PH365 피에이치365 프로바이오틱스 베이비 아기유산균, 1개, 90g\",\"travelUrl\":\"\",\"defaultUrl\":\"//thumbnail.coupangcdn.com/thumbnails/remote/230x230ex/image/vendor_inventory/f7a0/164bfabd481c44ec369d96a7edb7640d9a89eb6fe81a6b7dbb9f12d4ba1c.png\",\"oriDefaultUrl\":\"vendor_inventory/f7a0/164bfabd481c44ec369d96a7edb7640d9a89eb6fe81a6b7dbb9f12d4ba1c.png\",\"oriTravelUrl\":\"\",\"oriLocalUrl\":\"\",\"localUrl\":\"\",\"thumbnailUrl\":null,\"isWideImage\":false,\"wideImageUrl\":\"\"},\"priceArea\":{\"originalPrice\":\"45,000\",\"salesPrice\":\"39,010\",\"lowestPrice\":null,\"instantDiscountPrice\":\"\",\"criteriaPriceInfo\":\"\",\"basePrice\":\"45,000\",\"price\":\"39,010\",\"discountRate\":13,\"instantDiscountDescription\":\"\",\"shippingFeeDescription\":null,\"showInstantDiscountDescription\":false,\"discountCountDownText\":null,\"discountExpireTime\":null,\"badDiscount\":false,\"i18nOriginalPrice\":{\"amount\":\"45000\",\"rawAmount\":null,\"fractionDigits\":0,\"currency\":\"KRW\"},\"i18nLowestPrice\":null,\"i18nSalesPrice\":{\"amount\":\"39010\",\"rawAmount\":null,\"fractionDigits\":0,\"currency\":\"KRW\"},\"i18nPrice\":{\"amount\":\"39010\",\"rawAmount\":null,\"fractionDigits\":0,\"currency\":\"KRW\"},\"discount\":false,\"instantDiscount\":false,\"i18nBasePrice\":{\"amount\":\"45000\",\"rawAmount\":null,\"fractionDigits\":0,\"currency\":\"KRW\"},\"i18nInstantDiscountPrice\":null},\"subscriptionPriceArea\":null,\"snsDiscountRate\":-1,\"wowOnlyInstantDiscountRate\":-1,\"bundlePriceArea\":{\"price\":\"4,334\",\"cnt\":\"10\",\"unitDescription\":\"g\",\"i18nPrice\":{\"amount\":\"4334\",\"rawAmount\":null,\"fractionDigits\":0,\"currency\":\"KRW\"}},\"instantDiscountBundlePriceArea\":{\"price\":\"4,334\",\"cnt\":\"10\",\"unitDescription\":\"g\",\"i18nPrice\":{\"amount\":\"4334\",\"rawAmount\":null,\"fractionDigits\":0,\"currency\":\"KRW\"}},\"buyCntArea\":{\"buyCntInBest50\":\"\",\"buyCnt\":\"\",\"showOriginalCnt\":false,\"premium\":false,\"showCnt\":false},\"soldoutArea\":{\"soldOutText\":\"품절\",\"soldout\":false},\"priceTagArea\":{\"css\":\"prod-type discounted-price\",\"title\":\"\",\"discountRate\":\"\"},\"labelArea\":{\"labelAreaContents\":[],\"todayClose\":false},\"badgeArea\":{\"badgeAreaContents\":[]},\"useDateArea\":null,\"uniqueMessageArea\":{\"uniqueMessage\":{\"description\":\"\",\"messages\":[{\"text\":\"\",\"emphasis\":false}]}},\"gaDataArea\":{\"category\":\"\",\"action\":\"\",\"label\":\"\",\"value\":0},\"rocketArea\":{\"badgeImage\":{\"iconUrl\":\"\",\"iconWidth\":0,\"iconHeight\":0},\"show\":false},\"globalArea\":{\"badgeImage\":null,\"countryName\":null,\"show\":false},\"productArea\":{\"product\":true},\"cashBackArea\":{\"iconUrl\":\"https://image.coupangcdn.com/image/badges/cashback/web/list-cash-icon@2x.png\",\"cashRewardText\":\"최대 1,950원 적립\"},\"bestAward\":null,\"ccidEligible\":false,\"ccidArea\":null,\"stampImageInfo\":null,\"cornerTagArea\":null,\"link\":\"/vp/products/1689337578?itemId=2876962408\u0026vendorItemId=70866107395\u0026sourceType=SDW_TOP_SELLING_WIDGET_V2\u0026searchId=1a76afe61280463\u0026q=유산균\",\"sequence\":12,\"reviewArea\":{\"ratingAverage\":5,\"ratingCount\":2771,\"ratingRatio\":100},\"deadLineArea\":{\"almostSoldOut\":false,\"deadLineApproach\":false},\"bestPriceArea\":null,\"topBrandArea\":null,\"bizOnlyArea\":null,\"couPickArea\":null,\"attributeCount\":0,\"attributeName\":\"\",\"packageType\":null,\"productCount\":null,\"vendorItemId\":70866107395,\"benefitBadgeArea\":{\"badgeAreaContents\":[]},\"deliveryBadgeArea\":{\"badgeAreaContents\":[{\"css\":\"\",\"title\":\"무료배송\",\"id\":\"FREE_SHIPPING\",\"discountInfo\":null,\"freeDeliveryStandard\":null}]},\"deliverySpeedBadgeArea\":null,\"subscriptionBundlePriceArea\":null,\"bestSellerBadgeArea\":null,\"rocketFreeShippingBadge\":null,\"promisedDeliveryDateArea\":{\"contents\":[{\"text\":\"모레(토) \",\"size\":14,\"color\":\"#212B36\",\"bold\":false},{\"text\":\"도착 예정\",\"size\":14,\"color\":\"#212B36\",\"bold\":false}],\"deliveryType\":null,\"deliveryBadgeImage\":null,\"notEmpty\":true},\"shippingInfoArea\":null,\"eligibleFalconArea\":null,\"usedProductArea\":{\"usedProductInfo\":null,\"usedProductPrice\":null,\"usedOnlyItem\":false,\"notDisplay\":false},\"adBadgeArea\":{\"sponsored\":false,\"adzerkLog\":null,\"showSeparator\":true},\"preOrder\":null,\"bundleOptionArea\":null,\"lowStockArea\":null,\"ranking\":null,\"couponNudgeText\":null,\"couponNudgeStyle\":null,\"couponTagArea\":null,\"ab56922IsB\":false,\"ab56923IsB\":false,\"ab92528SrpIsB\":false,\"ab92528PlpIsB\":false,\"badgeReorder\":false,\"luxuryBrandAuthenticityArea\":null,\"luxuryNudgeText\":null,\"fePricingCxType\":null,\"handymanArea\":null,\"lastPurchaseArea\":null,\"rluxBrandNameArea\":{\"show\":false,\"badgeImage\":null,\"brandName\":null,\"rluxAuthText\":null},\"adjustSpacingTarget\":false,\"hideArriveInfo\":false,\"emptyCcidAndCashback\":false,\"isRlux\":false,\"isFarfetch\":false,\"properties\":{\"promiseDeliveryDate\":\"모레(토) 도착 예정\",\"extendPdd\":false,\"remoteAreaShippingFeeBadge\":\"False\"},\"badges\":null,\"useBadges\":false,\"sponsored\":false,\"collection\":false,\"underGlobalThreshold\":false,\"showPipe\":false,\"showQuickView\":true,\"isCeCategory\":false},{\"index\":{\"legacyProductId\":{\"legacyProductId\":2207617074,\"itemId\":3879609859},\"salesPrice\":11150,\"itemId\":3879609859,\"componentIds\":[],\"subscriptionPrice\":null,\"subscriptionDiscountRate\":null,\"originalSubscriptionDiscountRate\":null,\"subscriptionVendorItemId\":null,\"vendors\":[{\"id\":\"A00010028\",\"countryCode\":\"KR\",\"countryName\":\"대한민국\"}],\"title\":\"종근당 프리바이오틱스 프락토올리고당 FOS, 150g, 1개\",\"productTitle\":\"종근당 프리바이오틱스 프락토올리고당 FOS, 150g, 1개\",\"alternativeTitle\":\"종근당 프리바이오틱스 프락토올리고당 FOS\",\"imageUrl\":\"vendor_inventory/6503/80d7d3a2876776002e7ead0190dcd74bc217af2d28eb54da80eb9315fae0.jpg\",\"imageMainUrl\":\"vendor_inventory/6503/80d7d3a2876776002e7ead0190dcd74bc217af2d28eb54da80eb9315fae0.jpg\",\"deliveryType\":\"ROCKET_WOW\",\"deliveryInfo\":{\"remoteAreaDeliverable\":true,\"remoteArea\":null,\"outboundShippingTime\":24,\"outboundShippingPlaceId\":0,\"logisticType\":\"ROCKET\",\"isLogistics\":true,\"freeShipOverAmountEx\":{\"currency\":\"KRW\",\"amount\":19800},\"finalFreeShipOverAmountEx\":{\"currency\":\"KRW\",\"amount\":19800},\"deliveryType\":\"FAST\",\"deliveryMethod\":\"SEQUENCIAL\",\"deliveryCompanyName\":\"쿠친\",\"deliveryCompanyCode\":\"COUPANG\",\"deliveryChargeOnReturnEx\":{\"currency\":\"KRW\",\"amount\":0},\"deliveryChargeEx\":{\"currency\":\"KRW\",\"amount\":2500},\"batchShipment\":true},\"minPrice\":10590,\"originalPrice\":28700,\"discountRate\":61,\"linkcodes\":[],\"sellingStatusType\":null,\"attributeCount\":0,\"attributeName\":null,\"productType\":\"PRODUCT\",\"itemImages\":null,\"defaultExposure\":false,\"trackingCodeMain\":null,\"trackingCodeSub\":null,\"reviewRatingAverage\":4.5,\"reviewRatingCount\":41418,\"sectionContent\":null,\"hasUnitPriceInfo\":false,\"unitPriceInfo\":null,\"latLngs\":null,\"categoryBestIds\":null,\"debugInfo\":null,\"packageType\":null,\"bestPrice\":false,\"rocketWow\":true,\"rocketFresh\":false,\"pricePrefix\":\"\",\"priceDescription\":null,\"discountedDescription\":\"\",\"subscribeCouponPrice\":null,\"unitPrice\":{\"amount\":10,\"extendedPrice\":{\"money\":{\"amount\":743,\"currency\":\"KRW\"},\"offset\":0},\"priceEx\":{\"amount\":743,\"currency\":\"KRW\"},\"unit\":\"g\"},\"subscribeUnitPrice\":null,\"badges\":[{\"attributeByKey\":{},\"id\":\"ROCKET_CASH_REWARD\",\"text\":\"최대 558원 적립\",\"type\":\"ROCKET_REWARD\"},{\"attributeByKey\":{},\"id\":\"ROCKET\",\"text\":null,\"type\":\"SHIPPINGTYPE\"},{\"attributeByKey\":{},\"id\":\"ROCKET_WOW\",\"text\":null,\"type\":\"SHIPPINGTYPE\"}],\"brands\":[\"종근당\"],\"brandIds\":[\"12451\"],\"benefits\":null,\"subscribeBenefits\":null,\"falconDeliveryType\":null,\"falconDeliveryDate\":null,\"promisedDeliveryDate\":[{\"bold\":false,\"color\":\"#008C00\",\"size\":14,\"text\":\"내일(금) \"},{\"bold\":false,\"color\":\"#008C00\",\"size\":14,\"text\":\"도착 보장\"}],\"promisedDeliveryDateExpressions\":{\"OVERNIGHT\":{\"cutOffDateUTC\":\"2025-11-20T12:00:00.000Z\",\"expressions\":[{\"bold\":false,\"color\":\"#008C00\",\"size\":14,\"text\":\"내일(금) 새벽 \"},{\"bold\":false,\"color\":\"#008C00\",\"size\":14,\"text\":\"도착 보장\"}],\"pddUTC\":\"2025-11-20T22:00:15.000Z\"},\"STANDARD\":{\"cutOffDateUTC\":\"2025-11-20T15:00:00.000Z\",\"expressions\":[{\"bold\":false,\"color\":\"#008C00\",\"size\":14,\"text\":\"내일(금) \"},{\"bold\":false,\"color\":\"#008C00\",\"size\":14,\"text\":\"도착 보장\"}],\"pddUTC\":\"2025-11-21T14:59:59.000Z\"}},\"dateInfo\":null,\"hasNewItem\":true,\"sponsored\":false,\"logging\":null,\"usedProductInfo\":[{\"bold\":null,\"color\":null,\"size\":null,\"text\":\"새 상품\"},{\"bold\":null,\"color\":null,\"size\":null,\"text\":\", \"},{\"bold\":null,\"color\":null,\"size\":null,\"text\":\"반품-미개봉\"},{\"bold\":true,\"color\":null,\"size\":null,\"text\":\" (100)\"}],\"usedProductPrice\":[{\"bold\":null,\"color\":null,\"size\":null,\"text\":\"최저\"},{\"bold\":true,\"color\":null,\"size\":null,\"text\":\"10,590\"},{\"bold\":null,\"color\":null,\"size\":null,\"text\":\"원\"}],\"usedOnlyItem\":false,\"detailPriceInfos\":[{\"quantity\":1,\"priceType\":\"MINIMUM\",\"price\":10590,\"priceWithDeliveryFee\":0,\"discountType\":null,\"discountRate\":null,\"priceBasedDiscountRate\":null,\"promotionBadgeTexts\":{},\"discountAmount\":0,\"description\":null,\"unitPrice\":null,\"unitPriceWithDeliveryFee\":null,\"eligibilityConditions\":{},\"priceEx\":null,\"manageCode\":null,\"expiryDate\":null,\"membershipType\":null,\"paymentMethodId\":null,\"paymentMethodDescription\":null,\"cardIdentificationType\":null,\"cardBrand\":null,\"cardCode\":null,\"cardType\":null,\"i18nDiscountAmount\":{\"amount\":\"0\",\"rawAmount\":0,\"fractionDigits\":0,\"currency\":\"KRW\"},\"percentageDiscount\":false,\"i18nPrice\":{\"amount\":\"10590\",\"rawAmount\":10590,\"fractionDigits\":0,\"currency\":\"KRW\"},\"fixedDiscount\":false},{\"quantity\":1,\"priceType\":\"FINAL_PRICE\",\"price\":11150,\"priceWithDeliveryFee\":11150,\"discountType\":null,\"discountRate\":61,\"priceBasedDiscountRate\":61,\"promotionBadgeTexts\":{},\"discountAmount\":0,\"description\":\"\",\"unitPrice\":{\"amount\":10,\"extendedPrice\":{\"money\":{\"amount\":743,\"currency\":\"KRW\"},\"offset\":0},\"priceEx\":{\"amount\":743,\"currency\":\"KRW\"},\"unit\":\"g\"},\"unitPriceWithDeliveryFee\":{\"amount\":10,\"extendedPrice\":{\"money\":{\"amount\":743,\"currency\":\"KRW\"},\"offset\":0},\"priceEx\":null,\"unit\":\"g\"},\"eligibilityConditions\":{},\"priceEx\":null,\"manageCode\":null,\"expiryDate\":null,\"membershipType\":null,\"paymentMethodId\":null,\"paymentMethodDescription\":null,\"cardIdentificationType\":null,\"cardBrand\":null,\"cardCode\":null,\"cardType\":null,\"i18nDiscountAmount\":{\"amount\":\"0\",\"rawAmount\":0,\"fractionDigits\":0,\"currency\":\"KRW\"},\"percentageDiscount\":false,\"i18nPrice\":{\"amount\":\"11150\",\"rawAmount\":11150,\"fractionDigits\":0,\"currency\":\"KRW\"},\"fixedDiscount\":false},{\"quantity\":1,\"priceType\":\"DELIVERY_BUNDLE_REWARD_CASH\",\"price\":112,\"priceWithDeliveryFee\":0,\"discountType\":\"PERCENTAGE\",\"discountRate\":1,\"priceBasedDiscountRate\":null,\"promotionBadgeTexts\":{},\"discountAmount\":112,\"description\":\"쿠페이 머니 결제 시 1% 적립\",\"unitPrice\":null,\"unitPriceWithDeliveryFee\":null,\"eligibilityConditions\":{\"USER_BUDGET\":[\"10000\"],\"USER_BUDGET_I18N\":[\"{\\\"currencyCode\\\":\\\"KRW\\\",\\\"units\\\":10000,\\\"nanos\\\":0}\"]},\"priceEx\":null,\"manageCode\":\"COUPAY_MONEY_CASHBACK\",\"expiryDate\":4070962799000,\"membershipType\":null,\"paymentMethodId\":null,\"paymentMethodDescription\":null,\"cardIdentificationType\":null,\"cardBrand\":null,\"cardCode\":null,\"cardType\":null,\"i18nDiscountAmount\":{\"amount\":\"112\",\"rawAmount\":112,\"fractionDigits\":0,\"currency\":\"KRW\"},\"percentageDiscount\":true,\"i18nPrice\":{\"amount\":\"112\",\"rawAmount\":112,\"fractionDigits\":0,\"currency\":\"KRW\"},\"fixedDiscount\":false},{\"quantity\":1,\"priceType\":\"ANCHOR_PRICE\",\"price\":28700,\"priceWithDeliveryFee\":28700,\"discountType\":null,\"discountRate\":null,\"priceBasedDiscountRate\":null,\"promotionBadgeTexts\":{},\"discountAmount\":0,\"description\":null,\"unitPrice\":{\"amount\":10,\"extendedPrice\":{\"money\":{\"amount\":1913,\"currency\":\"KRW\"},\"offset\":0},\"priceEx\":{\"amount\":1913,\"currency\":\"KRW\"},\"unit\":\"g\"},\"unitPriceWithDeliveryFee\":{\"amount\":10,\"extendedPrice\":{\"money\":{\"amount\":1913,\"currency\":\"KRW\"},\"offset\":0},\"priceEx\":null,\"unit\":\"g\"},\"eligibilityConditions\":{},\"priceEx\":null,\"manageCode\":null,\"expiryDate\":null,\"membershipType\":null,\"paymentMethodId\":null,\"paymentMethodDescription\":null,\"cardIdentificationType\":null,\"cardBrand\":null,\"cardCode\":null,\"cardType\":null,\"i18nDiscountAmount\":{\"amount\":\"0\",\"rawAmount\":0,\"fractionDigits\":0,\"currency\":\"KRW\"},\"percentageDiscount\":false,\"i18nPrice\":{\"amount\":\"28700\",\"rawAmount\":28700,\"fractionDigits\":0,\"currency\":\"KRW\"},\"fixedDiscount\":false},{\"quantity\":1,\"priceType\":\"ORIGINAL\",\"price\":28700,\"priceWithDeliveryFee\":28700,\"discountType\":null,\"discountRate\":null,\"priceBasedDiscountRate\":null,\"promotionBadgeTexts\":{},\"discountAmount\":0,\"description\":null,\"unitPrice\":{\"amount\":10,\"extendedPrice\":{\"money\":{\"amount\":1913,\"currency\":\"KRW\"},\"offset\":0},\"priceEx\":{\"amount\":1913,\"currency\":\"KRW\"},\"unit\":\"g\"},\"unitPriceWithDeliveryFee\":{\"amount\":10,\"extendedPrice\":{\"money\":{\"amount\":1913,\"currency\":\"KRW\"},\"offset\":0},\"priceEx\":null,\"unit\":\"g\"},\"eligibilityConditions\":{},\"priceEx\":null,\"manageCode\":null,\"expiryDate\":null,\"membershipType\":null,\"paymentMethodId\":null,\"paymentMethodDescription\":null,\"cardIdentificationType\":null,\"cardBrand\":null,\"cardCode\":null,\"cardType\":null,\"i18nDiscountAmount\":{\"amount\":\"0\",\"rawAmount\":0,\"fractionDigits\":0,\"currency\":\"KRW\"},\"percentageDiscount\":false,\"i18nPrice\":{\"amount\":\"28700\",\"rawAmount\":28700,\"fractionDigits\":0,\"currency\":\"KRW\"},\"fixedDiscount\":false},{\"quantity\":1,\"priceType\":\"GIFTING_REWARD_CASH\",\"price\":112,\"priceWithDeliveryFee\":0,\"discountType\":\"PERCENTAGE\",\"discountRate\":null,\"priceBasedDiscountRate\":null,\"promotionBadgeTexts\":{},\"discountAmount\":112,\"description\":\"로켓 선물하기 이용 시 1% 적립\",\"unitPrice\":null,\"unitPriceWithDeliveryFee\":null,\"eligibilityConditions\":{\"USER_BUDGET\":[\"50000\"],\"USER_BUDGET_I18N\":[\"{\\\"currencyCode\\\":\\\"KRW\\\",\\\"units\\\":50000,\\\"nanos\\\":0}\"]},\"priceEx\":null,\"manageCode\":\"cashback_gifting_1off\",\"expiryDate\":null,\"membershipType\":null,\"paymentMethodId\":null,\"paymentMethodDescription\":null,\"cardIdentificationType\":null,\"cardBrand\":null,\"cardCode\":null,\"cardType\":null,\"i18nDiscountAmount\":{\"amount\":\"112\",\"rawAmount\":112,\"fractionDigits\":0,\"currency\":\"KRW\"},\"percentageDiscount\":true,\"i18nPrice\":{\"amount\":\"112\",\"rawAmount\":112,\"fractionDigits\":0,\"currency\":\"KRW\"},\"fixedDiscount\":false},{\"quantity\":1,\"priceType\":\"SALES\",\"price\":11150,\"priceWithDeliveryFee\":11150,\"discountType\":null,\"discountRate\":61,\"priceBasedDiscountRate\":61,\"promotionBadgeTexts\":{},\"discountAmount\":0,\"description\":\"쿠팡판매가\",\"unitPrice\":{\"amount\":10,\"extendedPrice\":{\"money\":{\"amount\":743,\"currency\":\"KRW\"},\"offset\":0},\"priceEx\":{\"amount\":743,\"currency\":\"KRW\"},\"unit\":\"g\"},\"unitPriceWithDeliveryFee\":{\"amount\":10,\"extendedPrice\":{\"money\":{\"amount\":743,\"currency\":\"KRW\"},\"offset\":0},\"priceEx\":null,\"unit\":\"g\"},\"eligibilityConditions\":{},\"priceEx\":null,\"manageCode\":null,\"expiryDate\":null,\"membershipType\":null,\"paymentMethodId\":null,\"paymentMethodDescription\":null,\"cardIdentificationType\":null,\"cardBrand\":null,\"cardCode\":null,\"cardType\":null,\"i18nDiscountAmount\":{\"amount\":\"0\",\"rawAmount\":0,\"fractionDigits\":0,\"currency\":\"KRW\"},\"percentageDiscount\":false,\"i18nPrice\":{\"amount\":\"11150\",\"rawAmount\":11150,\"fractionDigits\":0,\"currency\":\"KRW\"},\"fixedDiscount\":false}],\"priceByMemberStatus\":{\"NOT_MEMBER\":[{\"quantity\":1,\"priceType\":\"MINIMUM\",\"price\":10590,\"priceWithDeliveryFee\":0,\"discountType\":null,\"discountRate\":null,\"priceBasedDiscountRate\":null,\"promotionBadgeTexts\":{},\"discountAmount\":0,\"description\":null,\"unitPrice\":null,\"unitPriceWithDeliveryFee\":null,\"eligibilityConditions\":{},\"priceEx\":null,\"manageCode\":null,\"expiryDate\":null,\"membershipType\":null,\"paymentMethodId\":null,\"paymentMethodDescription\":null,\"cardIdentificationType\":null,\"cardBrand\":null,\"cardCode\":null,\"cardType\":null,\"i18nDiscountAmount\":{\"amount\":\"0\",\"rawAmount\":0,\"fractionDigits\":0,\"currency\":\"KRW\"},\"percentageDiscount\":false,\"i18nPrice\":{\"amount\":\"10590\",\"rawAmount\":10590,\"fractionDigits\":0,\"currency\":\"KRW\"},\"fixedDiscount\":false},{\"quantity\":1,\"priceType\":\"FINAL_PRICE\",\"price\":11150,\"priceWithDeliveryFee\":11150,\"discountType\":null,\"discountRate\":61,\"priceBasedDiscountRate\":61,\"promotionBadgeTexts\":{},\"discountAmount\":0,\"description\":\"\",\"unitPrice\":{\"amount\":10,\"extendedPrice\":{\"money\":{\"amount\":743,\"currency\":\"KRW\"},\"offset\":0},\"priceEx\":{\"amount\":743,\"currency\":\"KRW\"},\"unit\":\"g\"},\"unitPriceWithDeliveryFee\":{\"amount\":10,\"extendedPrice\":{\"money\":{\"amount\":743,\"currency\":\"KRW\"},\"offset\":0},\"priceEx\":null,\"unit\":\"g\"},\"eligibilityConditions\":{},\"priceEx\":null,\"manageCode\":null,\"expiryDate\":null,\"membershipType\":null,\"paymentMethodId\":null,\"paymentMethodDescription\":null,\"cardIdentificationType\":null,\"cardBrand\":null,\"cardCode\":null,\"cardType\":null,\"i18nDiscountAmount\":{\"amount\":\"0\",\"rawAmount\":0,\"fractionDigits\":0,\"currency\":\"KRW\"},\"percentageDiscount\":false,\"i18nPrice\":{\"amount\":\"11150\",\"rawAmount\":11150,\"fractionDigits\":0,\"currency\":\"KRW\"},\"fixedDiscount\":false},{\"quantity\":1,\"priceType\":\"DELIVERY_BUNDLE_REWARD_CASH\",\"price\":112,\"priceWithDeliveryFee\":0,\"discountType\":\"PERCENTAGE\",\"discountRate\":1,\"priceBasedDiscountRate\":null,\"promotionBadgeTexts\":{},\"discountAmount\":112,\"description\":\"쿠페이 머니 결제 시 1% 적립\",\"unitPrice\":null,\"unitPriceWithDeliveryFee\":null,\"eligibilityConditions\":{\"USER_BUDGET\":[\"10000\"],\"USER_BUDGET_I18N\":[\"{\\\"currencyCode\\\":\\\"KRW\\\",\\\"units\\\":10000,\\\"nanos\\\":0}\"]},\"priceEx\":null,\"manageCode\":\"COUPAY_MONEY_CASHBACK\",\"expiryDate\":4070962799000,\"membershipType\":null,\"paymentMethodId\":null,\"paymentMethodDescription\":null,\"cardIdentificationType\":null,\"cardBrand\":null,\"cardCode\":null,\"cardType\":null,\"i18nDiscountAmount\":{\"amount\":\"112\",\"rawAmount\":112,\"fractionDigits\":0,\"currency\":\"KRW\"},\"percentageDiscount\":true,\"i18nPrice\":{\"amount\":\"112\",\"rawAmount\":112,\"fractionDigits\":0,\"currency\":\"KRW\"},\"fixedDiscount\":false},{\"quantity\":1,\"priceType\":\"ANCHOR_PRICE\",\"price\":28700,\"priceWithDeliveryFee\":28700,\"discountType\":null,\"discountRate\":null,\"priceBasedDiscountRate\":null,\"promotionBadgeTexts\":{},\"discountAmount\":0,\"description\":null,\"unitPrice\":{\"amount\":10,\"extendedPrice\":{\"money\":{\"amount\":1913,\"currency\":\"KRW\"},\"offset\":0},\"priceEx\":{\"amount\":1913,\"currency\":\"KRW\"},\"unit\":\"g\"},\"unitPriceWithDeliveryFee\":{\"amount\":10,\"extendedPrice\":{\"money\":{\"amount\":1913,\"currency\":\"KRW\"},\"offset\":0},\"priceEx\":null,\"unit\":\"g\"},\"eligibilityConditions\":{},\"priceEx\":null,\"manageCode\":null,\"expiryDate\":null,\"membershipType\":null,\"paymentMethodId\":null,\"paymentMethodDescription\":null,\"cardIdentificationType\":null,\"cardBrand\":null,\"cardCode\":null,\"cardType\":null,\"i18nDiscountAmount\":{\"amount\":\"0\",\"rawAmount\":0,\"fractionDigits\":0,\"currency\":\"KRW\"},\"percentageDiscount\":false,\"i18nPrice\":{\"amount\":\"28700\",\"rawAmount\":28700,\"fractionDigits\":0,\"currency\":\"KRW\"},\"fixedDiscount\":false},{\"quantity\":1,\"priceType\":\"ORIGINAL\",\"price\":28700,\"priceWithDeliveryFee\":28700,\"discountType\":null,\"discountRate\":null,\"priceBasedDiscountRate\":null,\"promotionBadgeTexts\":{},\"discountAmount\":0,\"description\":null,\"unitPrice\":{\"amount\":10,\"extendedPrice\":{\"money\":{\"amount\":1913,\"currency\":\"KRW\"},\"offset\":0},\"priceEx\":{\"amount\":1913,\"currency\":\"KRW\"},\"unit\":\"g\"},\"unitPriceWithDeliveryFee\":{\"amount\":10,\"extendedPrice\":{\"money\":{\"amount\":1913,\"currency\":\"KRW\"},\"offset\":0},\"priceEx\":null,\"unit\":\"g\"},\"eligibilityConditions\":{},\"priceEx\":null,\"manageCode\":null,\"expiryDate\":null,\"membershipType\":null,\"paymentMethodId\":null,\"paymentMethodDescription\":null,\"cardIdentificationType\":null,\"cardBrand\":null,\"cardCode\":null,\"cardType\":null,\"i18nDiscountAmount\":{\"amount\":\"0\",\"rawAmount\":0,\"fractionDigits\":0,\"currency\":\"KRW\"},\"percentageDiscount\":false,\"i18nPrice\":{\"amount\":\"28700\",\"rawAmount\":28700,\"fractionDigits\":0,\"currency\":\"KRW\"},\"fixedDiscount\":false},{\"quantity\":1,\"priceType\":\"GIFTING_REWARD_CASH\",\"price\":112,\"priceWithDeliveryFee\":0,\"discountType\":\"PERCENTAGE\",\"discountRate\":null,\"priceBasedDiscountRate\":null,\"promotionBadgeTexts\":{},\"discountAmount\":112,\"description\":\"로켓 선물하기 이용 시 1% 적립\",\"unitPrice\":null,\"unitPriceWithDeliveryFee\":null,\"eligibilityConditions\":{\"USER_BUDGET\":[\"50000\"],\"USER_BUDGET_I18N\":[\"{\\\"currencyCode\\\":\\\"KRW\\\",\\\"units\\\":50000,\\\"nanos\\\":0}\"]},\"priceEx\":null,\"manageCode\":\"cashback_gifting_1off\",\"expiryDate\":null,\"membershipType\":null,\"paymentMethodId\":null,\"paymentMethodDescription\":null,\"cardIdentificationType\":null,\"cardBrand\":null,\"cardCode\":null,\"cardType\":null,\"i18nDiscountAmount\":{\"amount\":\"112\",\"rawAmount\":112,\"fractionDigits\":0,\"currency\":\"KRW\"},\"percentageDiscount\":true,\"i18nPrice\":{\"amount\":\"112\",\"rawAmount\":112,\"fractionDigits\":0,\"currency\":\"KRW\"},\"fixedDiscount\":false},{\"quantity\":1,\"priceType\":\"SALES\",\"price\":11150,\"priceWithDeliveryFee\":11150,\"discountType\":null,\"discountRate\":61,\"priceBasedDiscountRate\":61,\"promotionBadgeTexts\":{},\"discountAmount\":0,\"description\":\"쿠팡판매가\",\"unitPrice\":{\"amount\":10,\"extendedPrice\":{\"money\":{\"amount\":743,\"currency\":\"KRW\"},\"offset\":0},\"priceEx\":{\"amount\":743,\"currency\":\"KRW\"},\"unit\":\"g\"},\"unitPriceWithDeliveryFee\":{\"amount\":10,\"extendedPrice\":{\"money\":{\"amount\":743,\"currency\":\"KRW\"},\"offset\":0},\"priceEx\":null,\"unit\":\"g\"},\"eligibilityConditions\":{},\"priceEx\":null,\"manageCode\":null,\"expiryDate\":null,\"membershipType\":null,\"paymentMethodId\":null,\"paymentMethodDescription\":null,\"cardIdentificationType\":null,\"cardBrand\":null,\"cardCode\":null,\"cardType\":null,\"i18nDiscountAmount\":{\"amount\":\"0\",\"rawAmount\":0,\"fractionDigits\":0,\"currency\":\"KRW\"},\"percentageDiscount\":false,\"i18nPrice\":{\"amount\":\"11150\",\"rawAmount\":11150,\"fractionDigits\":0,\"currency\":\"KRW\"},\"fixedDiscount\":false}],\"MEMBER\":[{\"quantity\":1,\"priceType\":\"MINIMUM\",\"price\":10590,\"priceWithDeliveryFee\":0,\"discountType\":null,\"discountRate\":null,\"priceBasedDiscountRate\":null,\"promotionBadgeTexts\":{},\"discountAmount\":0,\"description\":null,\"unitPrice\":null,\"unitPriceWithDeliveryFee\":null,\"eligibilityConditions\":{},\"priceEx\":null,\"manageCode\":null,\"expiryDate\":null,\"membershipType\":null,\"paymentMethodId\":null,\"paymentMethodDescription\":null,\"cardIdentificationType\":null,\"cardBrand\":null,\"cardCode\":null,\"cardType\":null,\"i18nDiscountAmount\":{\"amount\":\"0\",\"rawAmount\":0,\"fractionDigits\":0,\"currency\":\"KRW\"},\"percentageDiscount\":false,\"i18nPrice\":{\"amount\":\"10590\",\"rawAmount\":10590,\"fractionDigits\":0,\"currency\":\"KRW\"},\"fixedDiscount\":false},{\"quantity\":1,\"priceType\":\"FINAL_PRICE\",\"price\":11150,\"priceWithDeliveryFee\":11150,\"discountType\":null,\"discountRate\":61,\"priceBasedDiscountRate\":61,\"promotionBadgeTexts\":{},\"discountAmount\":0,\"description\":\"\",\"unitPrice\":{\"amount\":10,\"extendedPrice\":{\"money\":{\"amount\":743,\"currency\":\"KRW\"},\"offset\":0},\"priceEx\":{\"amount\":743,\"currency\":\"KRW\"},\"unit\":\"g\"},\"unitPriceWithDeliveryFee\":{\"amount\":10,\"extendedPrice\":{\"money\":{\"amount\":743,\"currency\":\"KRW\"},\"offset\":0},\"priceEx\":null,\"unit\":\"g\"},\"eligibilityConditions\":{},\"priceEx\":null,\"manageCode\":null,\"expiryDate\":null,\"membershipType\":null,\"paymentMethodId\":null,\"paymentMethodDescription\":null,\"cardIdentificationType\":null,\"cardBrand\":null,\"cardCode\":null,\"cardType\":null,\"i18nDiscountAmount\":{\"amount\":\"0\",\"rawAmount\":0,\"fractionDigits\":0,\"currency\":\"KRW\"},\"percentageDiscount\":false,\"i18nPrice\":{\"amount\":\"11150\",\"rawAmount\":11150,\"fractionDigits\":0,\"currency\":\"KRW\"},\"fixedDiscount\":false},{\"quantity\":1,\"priceType\":\"DELIVERY_BUNDLE_REWARD_CASH\",\"price\":112,\"priceWithDeliveryFee\":0,\"discountType\":\"PERCENTAGE\",\"discountRate\":1,\"priceBasedDiscountRate\":null,\"promotionBadgeTexts\":{},\"discountAmount\":112,\"description\":\"쿠페이 머니 결제 시 1% 적립\",\"unitPrice\":null,\"unitPriceWithDeliveryFee\":null,\"eligibilityConditions\":{\"USER_BUDGET\":[\"10000\"],\"USER_BUDGET_I18N\":[\"{\\\"currencyCode\\\":\\\"KRW\\\",\\\"units\\\":10000,\\\"nanos\\\":0}\"]},\"priceEx\":null,\"manageCode\":\"COUPAY_MONEY_CASHBACK\",\"expiryDate\":4070962799000,\"membershipType\":null,\"paymentMethodId\":null,\"paymentMethodDescription\":null,\"cardIdentificationType\":null,\"cardBrand\":null,\"cardCode\":null,\"cardType\":null,\"i18nDiscountAmount\":{\"amount\":\"112\",\"rawAmount\":112,\"fractionDigits\":0,\"currency\":\"KRW\"},\"percentageDiscount\":true,\"i18nPrice\":{\"amount\":\"112\",\"rawAmount\":112,\"fractionDigits\":0,\"currency\":\"KRW\"},\"fixedDiscount\":false},{\"quantity\":1,\"priceType\":\"ROCKET_WOW_COUPAY_MONEY_REWARD_CASH\",\"price\":446,\"priceWithDeliveryFee\":0,\"discountType\":\"PERCENTAGE\",\"discountRate\":4,\"priceBasedDiscountRate\":null,\"promotionBadgeTexts\":{},\"discountAmount\":446,\"description\":\"[로켓와우 + 쿠페이 머니] 결제 시 4% 추가적립\",\"unitPrice\":null,\"unitPriceWithDeliveryFee\":null,\"eligibilityConditions\":{\"USER_BUDGET\":[\"40000\"],\"ELIGIBILITY_DAYS\":[\"30\"],\"USER_BUDGET_I18N\":[\"{\\\"currencyCode\\\":\\\"KRW\\\",\\\"units\\\":40000,\\\"nanos\\\":0}\"]},\"priceEx\":null,\"manageCode\":\"ROCKETWOW_COUPAY_MONEY_CASHBACK_JUN2019\",\"expiryDate\":1930003200000,\"membershipType\":null,\"paymentMethodId\":null,\"paymentMethodDescription\":null,\"cardIdentificationType\":null,\"cardBrand\":null,\"cardCode\":null,\"cardType\":null,\"i18nDiscountAmount\":{\"amount\":\"446\",\"rawAmount\":446,\"fractionDigits\":0,\"currency\":\"KRW\"},\"percentageDiscount\":true,\"i18nPrice\":{\"amount\":\"446\",\"rawAmount\":446,\"fractionDigits\":0,\"currency\":\"KRW\"},\"fixedDiscount\":false},{\"quantity\":1,\"priceType\":\"ROCKET_WOW_COUPAY_BANK_REWARD_CASH\",\"price\":223,\"priceWithDeliveryFee\":0,\"discountType\":\"PERCENTAGE\",\"discountRate\":2,\"priceBasedDiscountRate\":null,\"promotionBadgeTexts\":{},\"discountAmount\":223,\"description\":\"[로켓와우 + 쿠페이 계좌이체] 결제 시 2% 적립\",\"unitPrice\":null,\"unitPriceWithDeliveryFee\":null,\"eligibilityConditions\":{\"USER_BUDGET\":[\"20000\"],\"ELIGIBILITY_DAYS\":[\"30\"],\"USER_BUDGET_I18N\":[\"{\\\"currencyCode\\\":\\\"KRW\\\",\\\"units\\\":20000,\\\"nanos\\\":0}\"]},\"priceEx\":null,\"manageCode\":\"ROCKETWOW_COUPAY_BANK_CASHBACK_JUN2019\",\"expiryDate\":1930003200000,\"membershipType\":null,\"paymentMethodId\":null,\"paymentMethodDescription\":null,\"cardIdentificationType\":null,\"cardBrand\":null,\"cardCode\":null,\"cardType\":null,\"i18nDiscountAmount\":{\"amount\":\"223\",\"rawAmount\":223,\"fractionDigits\":0,\"currency\":\"KRW\"},\"percentageDiscount\":true,\"i18nPrice\":{\"amount\":\"223\",\"rawAmount\":223,\"fractionDigits\":0,\"currency\":\"KRW\"},\"fixedDiscount\":false},{\"quantity\":1,\"priceType\":\"ANCHOR_PRICE\",\"price\":28700,\"priceWithDeliveryFee\":28700,\"discountType\":null,\"discountRate\":null,\"priceBasedDiscountRate\":null,\"promotionBadgeTexts\":{},\"discountAmount\":0,\"description\":null,\"unitPrice\":{\"amount\":10,\"extendedPrice\":{\"money\":{\"amount\":1913,\"currency\":\"KRW\"},\"offset\":0},\"priceEx\":{\"amount\":1913,\"currency\":\"KRW\"},\"unit\":\"g\"},\"unitPriceWithDeliveryFee\":{\"amount\":10,\"extendedPrice\":{\"money\":{\"amount\":1913,\"currency\":\"KRW\"},\"offset\":0},\"priceEx\":null,\"unit\":\"g\"},\"eligibilityConditions\":{},\"priceEx\":null,\"manageCode\":null,\"expiryDate\":null,\"membershipType\":null,\"paymentMethodId\":null,\"paymentMethodDescription\":null,\"cardIdentificationType\":null,\"cardBrand\":null,\"cardCode\":null,\"cardType\":null,\"i18nDiscountAmount\":{\"amount\":\"0\",\"rawAmount\":0,\"fractionDigits\":0,\"currency\":\"KRW\"},\"percentageDiscount\":false,\"i18nPrice\":{\"amount\":\"28700\",\"rawAmount\":28700,\"fractionDigits\":0,\"currency\":\"KRW\"},\"fixedDiscount\":false},{\"quantity\":1,\"priceType\":\"ORIGINAL\",\"price\":28700,\"priceWithDeliveryFee\":28700,\"discountType\":null,\"discountRate\":null,\"priceBasedDiscountRate\":null,\"promotionBadgeTexts\":{},\"discountAmount\":0,\"description\":null,\"unitPrice\":{\"amount\":10,\"extendedPrice\":{\"money\":{\"amount\":1913,\"currency\":\"KRW\"},\"offset\":0},\"priceEx\":{\"amount\":1913,\"currency\":\"KRW\"},\"unit\":\"g\"},\"unitPriceWithDeliveryFee\":{\"amount\":10,\"extendedPrice\":{\"money\":{\"amount\":1913,\"currency\":\"KRW\"},\"offset\":0},\"priceEx\":null,\"unit\":\"g\"},\"eligibilityConditions\":{},\"priceEx\":null,\"manageCode\":null,\"expiryDate\":null,\"membershipType\":null,\"paymentMethodId\":null,\"paymentMethodDescription\":null,\"cardIdentificationType\":null,\"cardBrand\":null,\"cardCode\":null,\"cardType\":null,\"i18nDiscountAmount\":{\"amount\":\"0\",\"rawAmount\":0,\"fractionDigits\":0,\"currency\":\"KRW\"},\"percentageDiscount\":false,\"i18nPrice\":{\"amount\":\"28700\",\"rawAmount\":28700,\"fractionDigits\":0,\"currency\":\"KRW\"},\"fixedDiscount\":false},{\"quantity\":1,\"priceType\":\"GIFTING_REWARD_CASH\",\"price\":112,\"priceWithDeliveryFee\":0,\"discountType\":\"PERCENTAGE\",\"discountRate\":null,\"priceBasedDiscountRate\":null,\"promotionBadgeTexts\":{},\"discountAmount\":112,\"description\":\"로켓 선물하기 이용 시 1% 적립\",\"unitPrice\":null,\"unitPriceWithDeliveryFee\":null,\"eligibilityConditions\":{\"USER_BUDGET\":[\"50000\"],\"USER_BUDGET_I18N\":[\"{\\\"currencyCode\\\":\\\"KRW\\\",\\\"units\\\":50000,\\\"nanos\\\":0}\"]},\"priceEx\":null,\"manageCode\":\"cashback_gifting_1off\",\"expiryDate\":null,\"membershipType\":null,\"paymentMethodId\":null,\"paymentMethodDescription\":null,\"cardIdentificationType\":null,\"cardBrand\":null,\"cardCode\":null,\"cardType\":null,\"i18nDiscountAmount\":{\"amount\":\"112\",\"rawAmount\":112,\"fractionDigits\":0,\"currency\":\"KRW\"},\"percentageDiscount\":true,\"i18nPrice\":{\"amount\":\"112\",\"rawAmount\":112,\"fractionDigits\":0,\"currency\":\"KRW\"},\"fixedDiscount\":false},{\"quantity\":1,\"priceType\":\"SALES\",\"price\":11150,\"priceWithDeliveryFee\":11150,\"discountType\":null,\"discountRate\":61,\"priceBasedDiscountRate\":61,\"promotionBadgeTexts\":{},\"discountAmount\":0,\"description\":\"쿠팡판매가\",\"unitPrice\":{\"amount\":10,\"extendedPrice\":{\"money\":{\"amount\":743,\"currency\":\"KRW\"},\"offset\":0},\"priceEx\":{\"amount\":743,\"currency\":\"KRW\"},\"unit\":\"g\"},\"unitPriceWithDeliveryFee\":{\"amount\":10,\"extendedPrice\":{\"money\":{\"amount\":743,\"currency\":\"KRW\"},\"offset\":0},\"priceEx\":null,\"unit\":\"g\"},\"eligibilityConditions\":{},\"priceEx\":null,\"manageCode\":null,\"expiryDate\":null,\"membershipType\":null,\"paymentMethodId\":null,\"paymentMethodDescription\":null,\"cardIdentificationType\":null,\"cardBrand\":null,\"cardCode\":null,\"cardType\":null,\"i18nDiscountAmount\":{\"amount\":\"0\",\"rawAmount\":0,\"fractionDigits\":0,\"currency\":\"KRW\"},\"percentageDiscount\":false,\"i18nPrice\":{\"amount\":\"11150\",\"rawAmount\":11150,\"fractionDigits\":0,\"currency\":\"KRW\"},\"fixedDiscount\":false}]},\"paymentMethodPricesByMemberStatus\":{},\"paymentMethodPrices\":[],\"showWowPrice\":false,\"properties\":{\"AUTO_CANCELED\":\"APPROVAL_CANCEL\",\"OVERSEAS_PURCHASED\":\"false\",\"IMPORT_AGENCY_NAME\":\"\",\"GIFT_WRAP_ELIGIBLE\":\"false\",\"SEPARATE_REFUND_POLICY\":\"false\",\"PERSONAL_INFORMATION_USE_AGREE\":\"false\",\"TAX_TYPE\":\"TAX\",\"BEST_PRICE_GUARANTEED_3P\":\"false\",\"IS_PCC_NEEDED\":\"false\",\"SEVEN_REFUND_AGREE\":\"false\",\"PRODUCED_DATE\":\"\",\"AUTO_DISPLAY\":\"true\",\"CANCEL_BUTTON_SHOWED\":\"true\",\"VARIATIONAL_OFFERS\":\"3549112929,3669228393\",\"NOT_FOR_INDIVIDUAL_SALE\":\"false\",\"REGISTERED_FROM\":\"RETAIL\",\"PARALLEL_IMPORTED\":\"false\",\"STOCK_SHOWED\":\"true\",\"PRE_ORDER\":\"false\",\"EXTRA_INFO_LABEL_EX\":\"{\\\"ko_KR\\\":\\\"\\\"}\",\"EXPIRED_DATE\":\"2026-06-09\",\"PRINT_BUTTON_SHOWED\":\"true\",\"IS_IMPORT_AGENCY\":\"false\",\"MANUFACTURED_DATE\":\"\",\"ORIGIN_VENDOR_ITEM_VALID\":\"true\",\"OFFER_CONDITION\":\"NEW\",\"ORIGINAL_PRICE_FOR_RETAIL\":\"28700\",\"ORIGINAL_PRICE_FOR_RETAIL_I18N\":\"{\\\"currencyCode\\\":\\\"KRW\\\",\\\"units\\\":28700,\\\"nanos\\\":0}\",\"SALE_PERIOD_TYPE\":\"REGULAR\",\"FRONT_CANCELABLE\":\"true\",\"EXTRA_INFO_LABEL\":\"\",\"THIRD_PARTY_AGREE\":\"true\",\"IMPORT_AGENCY_NAME_EX\":\"{\\\"ko_KR\\\":\\\"\\\"}\",\"REMOTE_AREA_DELIVERABLE\":\"true\",\"PURCHASED_BEFORE\":\"false\",\"COLD_START\":\"false\",\"RANK_BEFORE_COLD_START_BOOST\":\"0\",\"OFFER_CONDITION_V2\":\"NEW\"},\"itemAttributes\":{\"7347\":{\"expose\":false,\"id\":7347,\"name\":\"건강식품 사용대상\",\"value\":\"성인남녀공용\",\"valueWithUnit\":\"성인남녀공용\",\"weight\":5,\"unitDescription\":\"없음\"},\"7637\":{\"expose\":true,\"id\":7637,\"name\":\"개당 중량\",\"value\":\"150\",\"valueWithUnit\":\"150g\",\"weight\":1,\"unitDescription\":\"g\"},\"7652\":{\"expose\":true,\"id\":7652,\"name\":\"수량\",\"value\":\"1\",\"valueWithUnit\":\"1개\",\"weight\":2,\"unitDescription\":\"개\"},\"7663\":{\"expose\":false,\"id\":7663,\"name\":\"총 수량\",\"value\":\"999\",\"valueWithUnit\":\"999\",\"weight\":19,\"unitDescription\":\"없음\"},\"7923\":{\"expose\":false,\"id\":7923,\"name\":\"구성품\",\"value\":\"단품\",\"valueWithUnit\":\"단품\",\"weight\":14,\"unitDescription\":\"없음\"},\"10573\":{\"expose\":false,\"id\":10573,\"name\":\"건강식품 타입\",\"value\":\"분말\",\"valueWithUnit\":\"분말\",\"weight\":4,\"unitDescription\":\"없음\"},\"11024\":{\"expose\":false,\"id\":11024,\"name\":\"기능별 영양제\",\"value\":\"해당없음\",\"valueWithUnit\":\"해당없음\",\"weight\":16,\"unitDescription\":\"없음\"},\"11411\":{\"expose\":false,\"id\":11411,\"name\":\"보관방식\",\"value\":\"실온보관\",\"valueWithUnit\":\"실온보관\",\"weight\":11,\"unitDescription\":\"없음\"},\"12293\":{\"expose\":false,\"id\":12293,\"name\":\"총 캡슐/정 수량\",\"value\":\"30\",\"valueWithUnit\":\"30포\",\"weight\":6,\"unitDescription\":\"포\"},\"12433\":{\"expose\":false,\"id\":12433,\"name\":\"개당 용량/중량/정\",\"value\":\"150g\",\"valueWithUnit\":\"150g\",\"weight\":18,\"unitDescription\":\"g\"},\"12438\":{\"expose\":false,\"id\":12438,\"name\":\"쿠팡마트\",\"value\":\"해당없음\",\"valueWithUnit\":\"해당없음\",\"weight\":17,\"unitDescription\":\"없음\"},\"12546\":{\"expose\":false,\"id\":12546,\"name\":\"건강기능식품\",\"value\":\"인증 있음\",\"valueWithUnit\":\"인증 있음\",\"weight\":13,\"unitDescription\":\"없음\"},\"12746\":{\"expose\":false,\"id\":12746,\"name\":\"유산균 종류\",\"value\":\"프리바이오틱스\",\"valueWithUnit\":\"프리바이오틱스\",\"weight\":7,\"unitDescription\":\"없음\"},\"12915\":{\"expose\":false,\"id\":12915,\"name\":\"건강식품 성분\",\"value\":\"복합영양제\",\"valueWithUnit\":\"복합영양제\",\"weight\":12,\"unitDescription\":\"없음\"}},\"adhocProperties\":{},\"divisionType\":\"GOODS\",\"offerAttribute\":null,\"badgeReorder\":false,\"soldOutReason\":null,\"purchasedCount\":null,\"lastPurchasedDateUTC\":null,\"warrantyService\":{\"warrantyMonth\":0,\"available\":false},\"brandInfoList\":[{\"shopAvailable\":false,\"properties\":null,\"name\":\"종근당\",\"logoImagePath\":\"brandLogo/brandLogo_6df3bef1-52f0-49a8-9c8f-e457f5209c7e.jpg\",\"id\":12451,\"description\":\"종근당\",\"luxuryBrand\":false,\"farfetchBrand\":false,\"brandTier\":null,\"officialBrandName\":\"종근당\",\"tier1\":false,\"tier2\":false,\"tier3\":false,\"bothFashionBeauty\":false,\"brandShopLink\":null,\"farfetchBrandShopLink\":null,\"brandKeywordBannerRluxMainImage\":null,\"brandKeywordBannerFarfetchMainImage\":null,\"brandWhiteLogo\":null}],\"freebie\":null,\"wowMember\":false,\"memberDto\":{\"loyaltyMemberId\":null,\"loyaltyMemberStatus\":\"UNKNOWN\",\"rocketWowEligible\":true,\"profilingSegments\":[],\"acquirerCode\":null,\"creditCardHistoryIn90Day\":null,\"agreeCollect\":false,\"studentStatus\":null,\"membershipBenefits\":[{\"type\":\"CARD_ISSUANCE.WOW\",\"attribute\":null,\"granted\":true},{\"type\":\"CASHBACK.BASIC\",\"attribute\":null,\"granted\":false},{\"type\":\"EATS\",\"attribute\":null,\"granted\":false},{\"type\":\"FAST_DELIVERY.DAWN\",\"attribute\":null,\"granted\":false},{\"type\":\"FAST_DELIVERY.PDD\",\"attribute\":null,\"granted\":false},{\"type\":\"FAST_DELIVERY.SAME_DAY\",\"attribute\":null,\"granted\":false},{\"type\":\"FREE_RETURN.FARFETCH\",\"attribute\":null,\"granted\":false},{\"type\":\"FREE_RETURN.JIKGU\",\"attribute\":null,\"granted\":false},{\"type\":\"FREE_RETURN.OTHERS\",\"attribute\":null,\"granted\":false},{\"type\":\"FREE_RETURN.ROCKET\",\"attribute\":null,\"granted\":false},{\"type\":\"FREE_SHIPPING.FARFETCH\",\"attribute\":null,\"granted\":true},{\"type\":\"FREE_SHIPPING.JIKGU\",\"attribute\":null,\"granted\":false},{\"type\":\"FREE_SHIPPING.OTHERS\",\"attribute\":null,\"granted\":false},{\"type\":\"FREE_SHIPPING.ROCKET\",\"attribute\":null,\"granted\":false},{\"type\":\"MEMBERSHIP_ENABLEMENT.WOW\",\"attribute\":null,\"granted\":false},{\"type\":\"MEMBERSHIP_PERIOD.WOW\",\"attribute\":null,\"granted\":true},{\"type\":\"MEMBERSHIP_PRICE.WOW\",\"attribute\":null,\"granted\":true},{\"type\":\"PLAY\",\"attribute\":null,\"granted\":false},{\"type\":\"PURCHASE.FRESH\",\"attribute\":null,\"granted\":false},{\"type\":\"SIGNUP_PROMOTION.PPC_PROMOTION\",\"attribute\":null,\"granted\":true},{\"type\":\"SIGNUP_PROMOTION.PPD_PROMOTION\",\"attribute\":null,\"granted\":true},{\"type\":\"SIGNUP_PROMOTION.WELCOME_PROMOTION\",\"attribute\":null,\"granted\":true},{\"type\":\"WOW_PRICE.BASIC\",\"attribute\":null,\"granted\":false},{\"type\":\"WOW_PRICE.BEST_PRICE\",\"attribute\":null,\"granted\":false},{\"type\":\"WOW_PRICE.EXCLUSIVE_PRICE\",\"attribute\":null,\"granted\":false},{\"type\":\"WOW_PRICE.TIME_DISCOUNT\",\"attribute\":null,\"granted\":false},{\"type\":\"WOW_PRICE.TRAVEL_DISCOUNT\",\"attribute\":null,\"granted\":false},{\"type\":\"WOW_PRICE.WOW_CCID\",\"attribute\":null,\"granted\":false},{\"type\":\"WOW_PRICE.WOW_DISCOUNT\",\"attribute\":null,\"granted\":false},{\"type\":\"WOW_PRICE.WOW_ONLY_COUPON\",\"attribute\":null,\"granted\":false}],\"memberPaymentDto\":{\"activeOptionAcquirerCode\":null,\"activeOptionExist\":false,\"activeOptionCardType\":null,\"activeOptionPayType\":null,\"activeOptionCardBrandCode\":null,\"activeOptionCardIdentificationType\":null,\"activeOptionPartnerBrand\":null},\"rocketWowMember\":false,\"nonPseudoRocketWowMember\":false,\"pseudoMember\":false},\"categoryId\":8541,\"remoteShippingFeeChargeable\":false,\"adult\":false,\"rocketDelivery\":true,\"freeDelivery\":false,\"directUse\":false,\"freeOver9800Delivery\":false,\"i18nCouponPrice\":null,\"subscriptionDelivery\":false,\"subscriptionPromotion\":false,\"globalDelivery\":false,\"i18nOriginalPrice\":{\"amount\":\"28700\",\"rawAmount\":28700,\"fractionDigits\":0,\"currency\":\"KRW\"},\"i18nSubscriptionPrice\":null,\"couPick\":false,\"i18nSalesPrice\":{\"amount\":\"11150\",\"rawAmount\":11150,\"fractionDigits\":0,\"currency\":\"KRW\"},\"i18nMinPrice\":{\"amount\":\"10590\",\"rawAmount\":10590,\"fractionDigits\":0,\"currency\":\"KRW\"},\"i18nSubscribeCouponPrice\":null},\"legacyProductId\":2207617074,\"bestArea\":{\"sequence\":-1,\"show\":false},\"imageAndTitleArea\":{\"description\":\"\",\"title\":\"종근당 프리바이오틱스 프락토올리고당 FOS, 150g, 1개\",\"travelUrl\":\"\",\"defaultUrl\":\"//thumbnail.coupangcdn.com/thumbnails/remote/230x230ex/image/vendor_inventory/6503/80d7d3a2876776002e7ead0190dcd74bc217af2d28eb54da80eb9315fae0.jpg\",\"oriDefaultUrl\":\"vendor_inventory/6503/80d7d3a2876776002e7ead0190dcd74bc217af2d28eb54da80eb9315fae0.jpg\",\"oriTravelUrl\":\"\",\"oriLocalUrl\":\"\",\"localUrl\":\"\",\"thumbnailUrl\":null,\"isWideImage\":false,\"wideImageUrl\":\"\"},\"priceArea\":{\"originalPrice\":\"28,700\",\"salesPrice\":\"11,150\",\"lowestPrice\":\"10,590\",\"instantDiscountPrice\":\"\",\"criteriaPriceInfo\":\"\",\"basePrice\":\"28,700\",\"price\":\"11,150\",\"discountRate\":61,\"instantDiscountDescription\":\"\",\"shippingFeeDescription\":null,\"showInstantDiscountDescription\":false,\"discountCountDownText\":null,\"discountExpireTime\":null,\"badDiscount\":false,\"i18nOriginalPrice\":{\"amount\":\"28700\",\"rawAmount\":null,\"fractionDigits\":0,\"currency\":\"KRW\"},\"i18nLowestPrice\":{\"amount\":\"10590\",\"rawAmount\":null,\"fractionDigits\":0,\"currency\":\"KRW\"},\"i18nSalesPrice\":{\"amount\":\"11150\",\"rawAmount\":null,\"fractionDigits\":0,\"currency\":\"KRW\"},\"i18nPrice\":{\"amount\":\"11150\",\"rawAmount\":null,\"fractionDigits\":0,\"currency\":\"KRW\"},\"discount\":false,\"instantDiscount\":false,\"i18nBasePrice\":{\"amount\":\"28700\",\"rawAmount\":null,\"fractionDigits\":0,\"currency\":\"KRW\"},\"i18nInstantDiscountPrice\":null},\"subscriptionPriceArea\":null,\"snsDiscountRate\":-1,\"wowOnlyInstantDiscountRate\":-1,\"bundlePriceArea\":{\"price\":\"743\",\"cnt\":\"10\",\"unitDescription\":\"g\",\"i18nPrice\":{\"amount\":\"743\",\"rawAmount\":null,\"fractionDigits\":0,\"currency\":\"KRW\"}},\"instantDiscountBundlePriceArea\":{\"price\":\"743\",\"cnt\":\"10\",\"unitDescription\":\"g\",\"i18nPrice\":{\"amount\":\"743\",\"rawAmount\":null,\"fractionDigits\":0,\"currency\":\"KRW\"}},\"buyCntArea\":{\"buyCntInBest50\":\"\",\"buyCnt\":\"\",\"showOriginalCnt\":false,\"premium\":false,\"showCnt\":false},\"soldoutArea\":{\"soldOutText\":\"일시품절\",\"soldout\":false},\"priceTagArea\":{\"css\":\"prod-type discounted-price\",\"title\":\"\",\"discountRate\":\"\"},\"labelArea\":{\"labelAreaContents\":[],\"todayClose\":false},\"badgeArea\":{\"badgeAreaContents\":[]},\"useDateArea\":null,\"uniqueMessageArea\":{\"uniqueMessage\":{\"description\":\"\",\"messages\":[{\"text\":\"\",\"emphasis\":false}]}},\"gaDataArea\":{\"category\":\"\",\"action\":\"\",\"label\":\"\",\"value\":0},\"rocketArea\":{\"badgeImage\":{\"iconUrl\":\"https://image.coupangcdn.com/image/rds/delivery_badge_ext/badge_1998ab96bf7.png\",\"iconWidth\":72,\"iconHeight\":16},\"show\":true},\"globalArea\":{\"badgeImage\":null,\"countryName\":null,\"show\":false},\"productArea\":{\"product\":true},\"cashBackArea\":{\"iconUrl\":\"https://image.coupangcdn.com/image/badges/cashback/web/list-cash-icon@2x.png\",\"cashRewardText\":\"최대 558원 적립\"},\"bestAward\":null,\"ccidEligible\":false,\"ccidArea\":null,\"stampImageInfo\":null,\"cornerTagArea\":null,\"link\":\"/vp/products/2207617074?itemId=3879609859\u0026vendorItemId=3549112929\u0026sourceType=SDW_TOP_SELLING_WIDGET_V2\u0026searchId=1a76afe61280463\u0026q=유산균\",\"sequence\":13,\"reviewArea\":{\"ratingAverage\":4.5,\"ratingCount\":41418,\"ratingRatio\":90},\"deadLineArea\":{\"almostSoldOut\":false,\"deadLineApproach\":false},\"bestPriceArea\":null,\"topBrandArea\":null,\"bizOnlyArea\":null,\"couPickArea\":null,\"attributeCount\":0,\"attributeName\":\"\",\"packageType\":null,\"productCount\":null,\"vendorItemId\":3549112929,\"benefitBadgeArea\":{\"badgeAreaContents\":[]},\"deliveryBadgeArea\":{\"badgeAreaContents\":[]},\"deliverySpeedBadgeArea\":null,\"subscriptionBundlePriceArea\":null,\"bestSellerBadgeArea\":null,\"rocketFreeShippingBadge\":null,\"promisedDeliveryDateArea\":{\"contents\":[{\"text\":\"내일(금) \",\"size\":14,\"color\":\"#008C00\",\"bold\":false},{\"text\":\"도착 보장\",\"size\":14,\"color\":\"#008C00\",\"bold\":false}],\"deliveryType\":null,\"deliveryBadgeImage\":null,\"notEmpty\":true},\"shippingInfoArea\":null,\"eligibleFalconArea\":null,\"usedProductArea\":{\"usedProductInfo\":[{\"bold\":null,\"color\":null,\"size\":null,\"text\":\"새 상품\"},{\"bold\":null,\"color\":null,\"size\":null,\"text\":\", \"},{\"bold\":null,\"color\":null,\"size\":null,\"text\":\"반품-미개봉\"},{\"bold\":true,\"color\":null,\"size\":null,\"text\":\" (100)\"}],\"usedProductPrice\":[{\"bold\":null,\"color\":null,\"size\":null,\"text\":\"최저\"},{\"bold\":true,\"color\":null,\"size\":null,\"text\":\"10,590\"},{\"bold\":null,\"color\":null,\"size\":null,\"text\":\"원\"}],\"usedOnlyItem\":false,\"notDisplay\":false},\"adBadgeArea\":{\"sponsored\":false,\"adzerkLog\":null,\"showSeparator\":false},\"preOrder\":null,\"bundleOptionArea\":null,\"lowStockArea\":null,\"ranking\":null,\"couponNudgeText\":null,\"couponNudgeStyle\":null,\"couponTagArea\":null,\"ab56922IsB\":false,\"ab56923IsB\":false,\"ab92528SrpIsB\":false,\"ab92528PlpIsB\":false,\"badgeReorder\":false,\"luxuryBrandAuthenticityArea\":null,\"luxuryNudgeText\":null,\"fePricingCxType\":null,\"handymanArea\":null,\"lastPurchaseArea\":null,\"rluxBrandNameArea\":{\"show\":false,\"badgeImage\":null,\"brandName\":null,\"rluxAuthText\":null},\"adjustSpacingTarget\":false,\"hideArriveInfo\":false,\"emptyCcidAndCashback\":false,\"isRlux\":false,\"isFarfetch\":false,\"properties\":{\"promiseDeliveryDate\":\"내일(금) 도착 보장\",\"extendPdd\":false,\"remoteAreaShippingFeeBadge\":\"False\"},\"badges\":null,\"useBadges\":false,\"sponsored\":false,\"collection\":false,\"underGlobalThreshold\":false,\"showPipe\":false,\"showQuickView\":true,\"isCeCategory\":false},{\"index\":{\"legacyProductId\":{\"legacyProductId\":186444898,\"itemId\":533074610},\"salesPrice\":9390,\"itemId\":533074610,\"componentIds\":[],\"subscriptionPrice\":null,\"subscriptionDiscountRate\":null,\"originalSubscriptionDiscountRate\":null,\"subscriptionVendorItemId\":null,\"vendors\":[{\"id\":\"A00010028\",\"countryCode\":\"KR\",\"countryName\":\"대한민국\"}],\"title\":\"비타할로 키즈 생 유산균 프리미엄, 120g, 1개\",\"productTitle\":\"비타할로 키즈 생 유산균 프리미엄, 120g, 1개\",\"alternativeTitle\":\"비타할로 키즈 생 유산균 프리미엄\",\"imageUrl\":\"retail/images/971373627941699-dd111ddc-ad66-411c-80cd-e55a7310dd90.jpg\",\"imageMainUrl\":\"retail/images/971373627941699-dd111ddc-ad66-411c-80cd-e55a7310dd90.jpg\",\"deliveryType\":\"ROCKET_WOW\",\"deliveryInfo\":{\"remoteAreaDeliverable\":false,\"remoteArea\":null,\"outboundShippingTime\":24,\"outboundShippingPlaceId\":0,\"logisticType\":\"ROCKET\",\"isLogistics\":true,\"freeShipOverAmountEx\":{\"currency\":\"KRW\",\"amount\":19800},\"finalFreeShipOverAmountEx\":{\"currency\":\"KRW\",\"amount\":19800},\"deliveryType\":\"FAST\",\"deliveryMethod\":\"SEQUENCIAL\",\"deliveryCompanyName\":\"쿠친\",\"deliveryCompanyCode\":\"COUPANG\",\"deliveryChargeOnReturnEx\":{\"currency\":\"KRW\",\"amount\":0},\"deliveryChargeEx\":{\"currency\":\"KRW\",\"amount\":2500},\"batchShipment\":true},\"minPrice\":null,\"originalPrice\":21500,\"discountRate\":56,\"linkcodes\":[],\"sellingStatusType\":null,\"attributeCount\":0,\"attributeName\":null,\"productType\":\"PRODUCT\",\"itemImages\":null,\"defaultExposure\":false,\"trackingCodeMain\":null,\"trackingCodeSub\":null,\"reviewRatingAverage\":5,\"reviewRatingCount\":3601,\"sectionContent\":null,\"hasUnitPriceInfo\":false,\"unitPriceInfo\":null,\"latLngs\":null,\"categoryBestIds\":null,\"debugInfo\":null,\"packageType\":null,\"bestPrice\":false,\"rocketWow\":true,\"rocketFresh\":false,\"pricePrefix\":\"\",\"priceDescription\":null,\"discountedDescription\":\"\",\"subscribeCouponPrice\":null,\"unitPrice\":{\"amount\":10,\"extendedPrice\":{\"money\":{\"amount\":783,\"currency\":\"KRW\"},\"offset\":0},\"priceEx\":{\"amount\":783,\"currency\":\"KRW\"},\"unit\":\"g\"},\"subscribeUnitPrice\":null,\"badges\":[{\"attributeByKey\":{},\"id\":\"ROCKET_CASH_REWARD\",\"text\":\"최대 470원 적립\",\"type\":\"ROCKET_REWARD\"},{\"attributeByKey\":{},\"id\":\"ROCKET\",\"text\":null,\"type\":\"SHIPPINGTYPE\"},{\"attributeByKey\":{},\"id\":\"ROCKET_WOW\",\"text\":null,\"type\":\"SHIPPINGTYPE\"}],\"brands\":[\"비타할로\"],\"brandIds\":[\"43571\"],\"benefits\":null,\"subscribeBenefits\":null,\"falconDeliveryType\":null,\"falconDeliveryDate\":null,\"promisedDeliveryDate\":[{\"bold\":false,\"color\":\"#008C00\",\"size\":14,\"text\":\"내일(금) \"},{\"bold\":false,\"color\":\"#008C00\",\"size\":14,\"text\":\"도착 보장\"}],\"promisedDeliveryDateExpressions\":{\"OVERNIGHT\":{\"cutOffDateUTC\":\"2025-11-20T12:00:00.000Z\",\"expressions\":[{\"bold\":false,\"color\":\"#008C00\",\"size\":14,\"text\":\"내일(금) 새벽 \"},{\"bold\":false,\"color\":\"#008C00\",\"size\":14,\"text\":\"도착 보장\"}],\"pddUTC\":\"2025-11-20T22:00:15.000Z\"},\"STANDARD\":{\"cutOffDateUTC\":\"2025-11-20T15:00:00.000Z\",\"expressions\":[{\"bold\":false,\"color\":\"#008C00\",\"size\":14,\"text\":\"내일(금) \"},{\"bold\":false,\"color\":\"#008C00\",\"size\":14,\"text\":\"도착 보장\"}],\"pddUTC\":\"2025-11-21T14:59:59.000Z\"}},\"dateInfo\":null,\"hasNewItem\":true,\"sponsored\":false,\"logging\":null,\"usedProductInfo\":null,\"usedProductPrice\":null,\"usedOnlyItem\":false,\"detailPriceInfos\":[{\"quantity\":1,\"priceType\":\"FINAL_PRICE\",\"price\":9390,\"priceWithDeliveryFee\":9390,\"discountType\":null,\"discountRate\":56,\"priceBasedDiscountRate\":56,\"promotionBadgeTexts\":{},\"discountAmount\":0,\"description\":\"\",\"unitPrice\":{\"amount\":10,\"extendedPrice\":{\"money\":{\"amount\":783,\"currency\":\"KRW\"},\"offset\":0},\"priceEx\":{\"amount\":783,\"currency\":\"KRW\"},\"unit\":\"g\"},\"unitPriceWithDeliveryFee\":{\"amount\":10,\"extendedPrice\":{\"money\":{\"amount\":783,\"currency\":\"KRW\"},\"offset\":0},\"priceEx\":null,\"unit\":\"g\"},\"eligibilityConditions\":{},\"priceEx\":null,\"manageCode\":null,\"expiryDate\":null,\"membershipType\":null,\"paymentMethodId\":null,\"paymentMethodDescription\":null,\"cardIdentificationType\":null,\"cardBrand\":null,\"cardCode\":null,\"cardType\":null,\"i18nDiscountAmount\":{\"amount\":\"0\",\"rawAmount\":0,\"fractionDigits\":0,\"currency\":\"KRW\"},\"percentageDiscount\":false,\"i18nPrice\":{\"amount\":\"9390\",\"rawAmount\":9390,\"fractionDigits\":0,\"currency\":\"KRW\"},\"fixedDiscount\":false},{\"quantity\":1,\"priceType\":\"DELIVERY_BUNDLE_REWARD_CASH\",\"price\":94,\"priceWithDeliveryFee\":0,\"discountType\":\"PERCENTAGE\",\"discountRate\":1,\"priceBasedDiscountRate\":null,\"promotionBadgeTexts\":{},\"discountAmount\":94,\"description\":\"쿠페이 머니 결제 시 1% 적립\",\"unitPrice\":null,\"unitPriceWithDeliveryFee\":null,\"eligibilityConditions\":{\"USER_BUDGET\":[\"10000\"],\"USER_BUDGET_I18N\":[\"{\\\"currencyCode\\\":\\\"KRW\\\",\\\"units\\\":10000,\\\"nanos\\\":0}\"]},\"priceEx\":null,\"manageCode\":\"COUPAY_MONEY_CASHBACK\",\"expiryDate\":4070962799000,\"membershipType\":null,\"paymentMethodId\":null,\"paymentMethodDescription\":null,\"cardIdentificationType\":null,\"cardBrand\":null,\"cardCode\":null,\"cardType\":null,\"i18nDiscountAmount\":{\"amount\":\"94\",\"rawAmount\":94,\"fractionDigits\":0,\"currency\":\"KRW\"},\"percentageDiscount\":true,\"i18nPrice\":{\"amount\":\"94\",\"rawAmount\":94,\"fractionDigits\":0,\"currency\":\"KRW\"},\"fixedDiscount\":false},{\"quantity\":1,\"priceType\":\"ANCHOR_PRICE\",\"price\":21500,\"priceWithDeliveryFee\":21500,\"discountType\":null,\"discountRate\":null,\"priceBasedDiscountRate\":null,\"promotionBadgeTexts\":{},\"discountAmount\":0,\"description\":null,\"unitPrice\":{\"amount\":10,\"extendedPrice\":{\"money\":{\"amount\":1792,\"currency\":\"KRW\"},\"offset\":0},\"priceEx\":{\"amount\":1792,\"currency\":\"KRW\"},\"unit\":\"g\"},\"unitPriceWithDeliveryFee\":{\"amount\":10,\"extendedPrice\":{\"money\":{\"amount\":1792,\"currency\":\"KRW\"},\"offset\":0},\"priceEx\":null,\"unit\":\"g\"},\"eligibilityConditions\":{},\"priceEx\":null,\"manageCode\":null,\"expiryDate\":null,\"membershipType\":null,\"paymentMethodId\":null,\"paymentMethodDescription\":null,\"cardIdentificationType\":null,\"cardBrand\":null,\"cardCode\":null,\"cardType\":null,\"i18nDiscountAmount\":{\"amount\":\"0\",\"rawAmount\":0,\"fractionDigits\":0,\"currency\":\"KRW\"},\"percentageDiscount\":false,\"i18nPrice\":{\"amount\":\"21500\",\"rawAmount\":21500,\"fractionDigits\":0,\"currency\":\"KRW\"},\"fixedDiscount\":false},{\"quantity\":1,\"priceType\":\"ORIGINAL\",\"price\":21500,\"priceWithDeliveryFee\":21500,\"discountType\":null,\"discountRate\":null,\"priceBasedDiscountRate\":null,\"promotionBadgeTexts\":{},\"discountAmount\":0,\"description\":null,\"unitPrice\":{\"amount\":10,\"extendedPrice\":{\"money\":{\"amount\":1792,\"currency\":\"KRW\"},\"offset\":0},\"priceEx\":{\"amount\":1792,\"currency\":\"KRW\"},\"unit\":\"g\"},\"unitPriceWithDeliveryFee\":{\"amount\":10,\"extendedPrice\":{\"money\":{\"amount\":1792,\"currency\":\"KRW\"},\"offset\":0},\"priceEx\":null,\"unit\":\"g\"},\"eligibilityConditions\":{},\"priceEx\":null,\"manageCode\":null,\"expiryDate\":null,\"membershipType\":null,\"paymentMethodId\":null,\"paymentMethodDescription\":null,\"cardIdentificationType\":null,\"cardBrand\":null,\"cardCode\":null,\"cardType\":null,\"i18nDiscountAmount\":{\"amount\":\"0\",\"rawAmount\":0,\"fractionDigits\":0,\"currency\":\"KRW\"},\"percentageDiscount\":false,\"i18nPrice\":{\"amount\":\"21500\",\"rawAmount\":21500,\"fractionDigits\":0,\"currency\":\"KRW\"},\"fixedDiscount\":false},{\"quantity\":1,\"priceType\":\"GIFTING_REWARD_CASH\",\"price\":94,\"priceWithDeliveryFee\":0,\"discountType\":\"PERCENTAGE\",\"discountRate\":null,\"priceBasedDiscountRate\":null,\"promotionBadgeTexts\":{},\"discountAmount\":94,\"description\":\"로켓 선물하기 이용 시 1% 적립\",\"unitPrice\":null,\"unitPriceWithDeliveryFee\":null,\"eligibilityConditions\":{\"USER_BUDGET\":[\"50000\"],\"USER_BUDGET_I18N\":[\"{\\\"currencyCode\\\":\\\"KRW\\\",\\\"units\\\":50000,\\\"nanos\\\":0}\"]},\"priceEx\":null,\"manageCode\":\"cashback_gifting_1off\",\"expiryDate\":null,\"membershipType\":null,\"paymentMethodId\":null,\"paymentMethodDescription\":null,\"cardIdentificationType\":null,\"cardBrand\":null,\"cardCode\":null,\"cardType\":null,\"i18nDiscountAmount\":{\"amount\":\"94\",\"rawAmount\":94,\"fractionDigits\":0,\"currency\":\"KRW\"},\"percentageDiscount\":true,\"i18nPrice\":{\"amount\":\"94\",\"rawAmount\":94,\"fractionDigits\":0,\"currency\":\"KRW\"},\"fixedDiscount\":false},{\"quantity\":1,\"priceType\":\"SALES\",\"price\":9390,\"priceWithDeliveryFee\":9390,\"discountType\":null,\"discountRate\":56,\"priceBasedDiscountRate\":56,\"promotionBadgeTexts\":{},\"discountAmount\":0,\"description\":\"쿠팡판매가\",\"unitPrice\":{\"amount\":10,\"extendedPrice\":{\"money\":{\"amount\":783,\"currency\":\"KRW\"},\"offset\":0},\"priceEx\":{\"amount\":783,\"currency\":\"KRW\"},\"unit\":\"g\"},\"unitPriceWithDeliveryFee\":{\"amount\":10,\"extendedPrice\":{\"money\":{\"amount\":783,\"currency\":\"KRW\"},\"offset\":0},\"priceEx\":null,\"unit\":\"g\"},\"eligibilityConditions\":{},\"priceEx\":null,\"manageCode\":null,\"expiryDate\":null,\"membershipType\":null,\"paymentMethodId\":null,\"paymentMethodDescription\":null,\"cardIdentificationType\":null,\"cardBrand\":null,\"cardCode\":null,\"cardType\":null,\"i18nDiscountAmount\":{\"amount\":\"0\",\"rawAmount\":0,\"fractionDigits\":0,\"currency\":\"KRW\"},\"percentageDiscount\":false,\"i18nPrice\":{\"amount\":\"9390\",\"rawAmount\":9390,\"fractionDigits\":0,\"currency\":\"KRW\"},\"fixedDiscount\":false}],\"priceByMemberStatus\":{\"NOT_MEMBER\":[{\"quantity\":1,\"priceType\":\"FINAL_PRICE\",\"price\":9390,\"priceWithDeliveryFee\":9390,\"discountType\":null,\"discountRate\":56,\"priceBasedDiscountRate\":56,\"promotionBadgeTexts\":{},\"discountAmount\":0,\"description\":\"\",\"unitPrice\":{\"amount\":10,\"extendedPrice\":{\"money\":{\"amount\":783,\"currency\":\"KRW\"},\"offset\":0},\"priceEx\":{\"amount\":783,\"currency\":\"KRW\"},\"unit\":\"g\"},\"unitPriceWithDeliveryFee\":{\"amount\":10,\"extendedPrice\":{\"money\":{\"amount\":783,\"currency\":\"KRW\"},\"offset\":0},\"priceEx\":null,\"unit\":\"g\"},\"eligibilityConditions\":{},\"priceEx\":null,\"manageCode\":null,\"expiryDate\":null,\"membershipType\":null,\"paymentMethodId\":null,\"paymentMethodDescription\":null,\"cardIdentificationType\":null,\"cardBrand\":null,\"cardCode\":null,\"cardType\":null,\"i18nDiscountAmount\":{\"amount\":\"0\",\"rawAmount\":0,\"fractionDigits\":0,\"currency\":\"KRW\"},\"percentageDiscount\":false,\"i18nPrice\":{\"amount\":\"9390\",\"rawAmount\":9390,\"fractionDigits\":0,\"currency\":\"KRW\"},\"fixedDiscount\":false},{\"quantity\":1,\"priceType\":\"DELIVERY_BUNDLE_REWARD_CASH\",\"price\":94,\"priceWithDeliveryFee\":0,\"discountType\":\"PERCENTAGE\",\"discountRate\":1,\"priceBasedDiscountRate\":null,\"promotionBadgeTexts\":{},\"discountAmount\":94,\"description\":\"쿠페이 머니 결제 시 1% 적립\",\"unitPrice\":null,\"unitPriceWithDeliveryFee\":null,\"eligibilityConditions\":{\"USER_BUDGET\":[\"10000\"],\"USER_BUDGET_I18N\":[\"{\\\"currencyCode\\\":\\\"KRW\\\",\\\"units\\\":10000,\\\"nanos\\\":0}\"]},\"priceEx\":null,\"manageCode\":\"COUPAY_MONEY_CASHBACK\",\"expiryDate\":4070962799000,\"membershipType\":null,\"paymentMethodId\":null,\"paymentMethodDescription\":null,\"cardIdentificationType\":null,\"cardBrand\":null,\"cardCode\":null,\"cardType\":null,\"i18nDiscountAmount\":{\"amount\":\"94\",\"rawAmount\":94,\"fractionDigits\":0,\"currency\":\"KRW\"},\"percentageDiscount\":true,\"i18nPrice\":{\"amount\":\"94\",\"rawAmount\":94,\"fractionDigits\":0,\"currency\":\"KRW\"},\"fixedDiscount\":false},{\"quantity\":1,\"priceType\":\"ANCHOR_PRICE\",\"price\":21500,\"priceWithDeliveryFee\":21500,\"discountType\":null,\"discountRate\":null,\"priceBasedDiscountRate\":null,\"promotionBadgeTexts\":{},\"discountAmount\":0,\"description\":null,\"unitPrice\":{\"amount\":10,\"extendedPrice\":{\"money\":{\"amount\":1792,\"currency\":\"KRW\"},\"offset\":0},\"priceEx\":{\"amount\":1792,\"currency\":\"KRW\"},\"unit\":\"g\"},\"unitPriceWithDeliveryFee\":{\"amount\":10,\"extendedPrice\":{\"money\":{\"amount\":1792,\"currency\":\"KRW\"},\"offset\":0},\"priceEx\":null,\"unit\":\"g\"},\"eligibilityConditions\":{},\"priceEx\":null,\"manageCode\":null,\"expiryDate\":null,\"membershipType\":null,\"paymentMethodId\":null,\"paymentMethodDescription\":null,\"cardIdentificationType\":null,\"cardBrand\":null,\"cardCode\":null,\"cardType\":null,\"i18nDiscountAmount\":{\"amount\":\"0\",\"rawAmount\":0,\"fractionDigits\":0,\"currency\":\"KRW\"},\"percentageDiscount\":false,\"i18nPrice\":{\"amount\":\"21500\",\"rawAmount\":21500,\"fractionDigits\":0,\"currency\":\"KRW\"},\"fixedDiscount\":false},{\"quantity\":1,\"priceType\":\"ORIGINAL\",\"price\":21500,\"priceWithDeliveryFee\":21500,\"discountType\":null,\"discountRate\":null,\"priceBasedDiscountRate\":null,\"promotionBadgeTexts\":{},\"discountAmount\":0,\"description\":null,\"unitPrice\":{\"amount\":10,\"extendedPrice\":{\"money\":{\"amount\":1792,\"currency\":\"KRW\"},\"offset\":0},\"priceEx\":{\"amount\":1792,\"currency\":\"KRW\"},\"unit\":\"g\"},\"unitPriceWithDeliveryFee\":{\"amount\":10,\"extendedPrice\":{\"money\":{\"amount\":1792,\"currency\":\"KRW\"},\"offset\":0},\"priceEx\":null,\"unit\":\"g\"},\"eligibilityConditions\":{},\"priceEx\":null,\"manageCode\":null,\"expiryDate\":null,\"membershipType\":null,\"paymentMethodId\":null,\"paymentMethodDescription\":null,\"cardIdentificationType\":null,\"cardBrand\":null,\"cardCode\":null,\"cardType\":null,\"i18nDiscountAmount\":{\"amount\":\"0\",\"rawAmount\":0,\"fractionDigits\":0,\"currency\":\"KRW\"},\"percentageDiscount\":false,\"i18nPrice\":{\"amount\":\"21500\",\"rawAmount\":21500,\"fractionDigits\":0,\"currency\":\"KRW\"},\"fixedDiscount\":false},{\"quantity\":1,\"priceType\":\"GIFTING_REWARD_CASH\",\"price\":94,\"priceWithDeliveryFee\":0,\"discountType\":\"PERCENTAGE\",\"discountRate\":null,\"priceBasedDiscountRate\":null,\"promotionBadgeTexts\":{},\"discountAmount\":94,\"description\":\"로켓 선물하기 이용 시 1% 적립\",\"unitPrice\":null,\"unitPriceWithDeliveryFee\":null,\"eligibilityConditions\":{\"USER_BUDGET\":[\"50000\"],\"USER_BUDGET_I18N\":[\"{\\\"currencyCode\\\":\\\"KRW\\\",\\\"units\\\":50000,\\\"nanos\\\":0}\"]},\"priceEx\":null,\"manageCode\":\"cashback_gifting_1off\",\"expiryDate\":null,\"membershipType\":null,\"paymentMethodId\":null,\"paymentMethodDescription\":null,\"cardIdentificationType\":null,\"cardBrand\":null,\"cardCode\":null,\"cardType\":null,\"i18nDiscountAmount\":{\"amount\":\"94\",\"rawAmount\":94,\"fractionDigits\":0,\"currency\":\"KRW\"},\"percentageDiscount\":true,\"i18nPrice\":{\"amount\":\"94\",\"rawAmount\":94,\"fractionDigits\":0,\"currency\":\"KRW\"},\"fixedDiscount\":false},{\"quantity\":1,\"priceType\":\"SALES\",\"price\":9390,\"priceWithDeliveryFee\":9390,\"discountType\":null,\"discountRate\":56,\"priceBasedDiscountRate\":56,\"promotionBadgeTexts\":{},\"discountAmount\":0,\"description\":\"쿠팡판매가\",\"unitPrice\":{\"amount\":10,\"extendedPrice\":{\"money\":{\"amount\":783,\"currency\":\"KRW\"},\"offset\":0},\"priceEx\":{\"amount\":783,\"currency\":\"KRW\"},\"unit\":\"g\"},\"unitPriceWithDeliveryFee\":{\"amount\":10,\"extendedPrice\":{\"money\":{\"amount\":783,\"currency\":\"KRW\"},\"offset\":0},\"priceEx\":null,\"unit\":\"g\"},\"eligibilityConditions\":{},\"priceEx\":null,\"manageCode\":null,\"expiryDate\":null,\"membershipType\":null,\"paymentMethodId\":null,\"paymentMethodDescription\":null,\"cardIdentificationType\":null,\"cardBrand\":null,\"cardCode\":null,\"cardType\":null,\"i18nDiscountAmount\":{\"amount\":\"0\",\"rawAmount\":0,\"fractionDigits\":0,\"currency\":\"KRW\"},\"percentageDiscount\":false,\"i18nPrice\":{\"amount\":\"9390\",\"rawAmount\":9390,\"fractionDigits\":0,\"currency\":\"KRW\"},\"fixedDiscount\":false}],\"MEMBER\":[{\"quantity\":1,\"priceType\":\"FINAL_PRICE\",\"price\":9390,\"priceWithDeliveryFee\":9390,\"discountType\":null,\"discountRate\":56,\"priceBasedDiscountRate\":56,\"promotionBadgeTexts\":{},\"discountAmount\":0,\"description\":\"\",\"unitPrice\":{\"amount\":10,\"extendedPrice\":{\"money\":{\"amount\":783,\"currency\":\"KRW\"},\"offset\":0},\"priceEx\":{\"amount\":783,\"currency\":\"KRW\"},\"unit\":\"g\"},\"unitPriceWithDeliveryFee\":{\"amount\":10,\"extendedPrice\":{\"money\":{\"amount\":783,\"currency\":\"KRW\"},\"offset\":0},\"priceEx\":null,\"unit\":\"g\"},\"eligibilityConditions\":{},\"priceEx\":null,\"manageCode\":null,\"expiryDate\":null,\"membershipType\":null,\"paymentMethodId\":null,\"paymentMethodDescription\":null,\"cardIdentificationType\":null,\"cardBrand\":null,\"cardCode\":null,\"cardType\":null,\"i18nDiscountAmount\":{\"amount\":\"0\",\"rawAmount\":0,\"fractionDigits\":0,\"currency\":\"KRW\"},\"percentageDiscount\":false,\"i18nPrice\":{\"amount\":\"9390\",\"rawAmount\":9390,\"fractionDigits\":0,\"currency\":\"KRW\"},\"fixedDiscount\":false},{\"quantity\":1,\"priceType\":\"DELIVERY_BUNDLE_REWARD_CASH\",\"price\":94,\"priceWithDeliveryFee\":0,\"discountType\":\"PERCENTAGE\",\"discountRate\":1,\"priceBasedDiscountRate\":null,\"promotionBadgeTexts\":{},\"discountAmount\":94,\"description\":\"쿠페이 머니 결제 시 1% 적립\",\"unitPrice\":null,\"unitPriceWithDeliveryFee\":null,\"eligibilityConditions\":{\"USER_BUDGET\":[\"10000\"],\"USER_BUDGET_I18N\":[\"{\\\"currencyCode\\\":\\\"KRW\\\",\\\"units\\\":10000,\\\"nanos\\\":0}\"]},\"priceEx\":null,\"manageCode\":\"COUPAY_MONEY_CASHBACK\",\"expiryDate\":4070962799000,\"membershipType\":null,\"paymentMethodId\":null,\"paymentMethodDescription\":null,\"cardIdentificationType\":null,\"cardBrand\":null,\"cardCode\":null,\"cardType\":null,\"i18nDiscountAmount\":{\"amount\":\"94\",\"rawAmount\":94,\"fractionDigits\":0,\"currency\":\"KRW\"},\"percentageDiscount\":true,\"i18nPrice\":{\"amount\":\"94\",\"rawAmount\":94,\"fractionDigits\":0,\"currency\":\"KRW\"},\"fixedDiscount\":false},{\"quantity\":1,\"priceType\":\"ROCKET_WOW_COUPAY_MONEY_REWARD_CASH\",\"price\":376,\"priceWithDeliveryFee\":0,\"discountType\":\"PERCENTAGE\",\"discountRate\":4,\"priceBasedDiscountRate\":null,\"promotionBadgeTexts\":{},\"discountAmount\":376,\"description\":\"[로켓와우 + 쿠페이 머니] 결제 시 4% 추가적립\",\"unitPrice\":null,\"unitPriceWithDeliveryFee\":null,\"eligibilityConditions\":{\"USER_BUDGET\":[\"40000\"],\"ELIGIBILITY_DAYS\":[\"30\"],\"USER_BUDGET_I18N\":[\"{\\\"currencyCode\\\":\\\"KRW\\\",\\\"units\\\":40000,\\\"nanos\\\":0}\"]},\"priceEx\":null,\"manageCode\":\"ROCKETWOW_COUPAY_MONEY_CASHBACK_JUN2019\",\"expiryDate\":1930003200000,\"membershipType\":null,\"paymentMethodId\":null,\"paymentMethodDescription\":null,\"cardIdentificationType\":null,\"cardBrand\":null,\"cardCode\":null,\"cardType\":null,\"i18nDiscountAmount\":{\"amount\":\"376\",\"rawAmount\":376,\"fractionDigits\":0,\"currency\":\"KRW\"},\"percentageDiscount\":true,\"i18nPrice\":{\"amount\":\"376\",\"rawAmount\":376,\"fractionDigits\":0,\"currency\":\"KRW\"},\"fixedDiscount\":false},{\"quantity\":1,\"priceType\":\"ROCKET_WOW_COUPAY_BANK_REWARD_CASH\",\"price\":188,\"priceWithDeliveryFee\":0,\"discountType\":\"PERCENTAGE\",\"discountRate\":2,\"priceBasedDiscountRate\":null,\"promotionBadgeTexts\":{},\"discountAmount\":188,\"description\":\"[로켓와우 + 쿠페이 계좌이체] 결제 시 2% 적립\",\"unitPrice\":null,\"unitPriceWithDeliveryFee\":null,\"eligibilityConditions\":{\"USER_BUDGET\":[\"20000\"],\"ELIGIBILITY_DAYS\":[\"30\"],\"USER_BUDGET_I18N\":[\"{\\\"currencyCode\\\":\\\"KRW\\\",\\\"units\\\":20000,\\\"nanos\\\":0}\"]},\"priceEx\":null,\"manageCode\":\"ROCKETWOW_COUPAY_BANK_CASHBACK_JUN2019\",\"expiryDate\":1930003200000,\"membershipType\":null,\"paymentMethodId\":null,\"paymentMethodDescription\":null,\"cardIdentificationType\":null,\"cardBrand\":null,\"cardCode\":null,\"cardType\":null,\"i18nDiscountAmount\":{\"amount\":\"188\",\"rawAmount\":188,\"fractionDigits\":0,\"currency\":\"KRW\"},\"percentageDiscount\":true,\"i18nPrice\":{\"amount\":\"188\",\"rawAmount\":188,\"fractionDigits\":0,\"currency\":\"KRW\"},\"fixedDiscount\":false},{\"quantity\":1,\"priceType\":\"ANCHOR_PRICE\",\"price\":21500,\"priceWithDeliveryFee\":21500,\"discountType\":null,\"discountRate\":null,\"priceBasedDiscountRate\":null,\"promotionBadgeTexts\":{},\"discountAmount\":0,\"description\":null,\"unitPrice\":{\"amount\":10,\"extendedPrice\":{\"money\":{\"amount\":1792,\"currency\":\"KRW\"},\"offset\":0},\"priceEx\":{\"amount\":1792,\"currency\":\"KRW\"},\"unit\":\"g\"},\"unitPriceWithDeliveryFee\":{\"amount\":10,\"extendedPrice\":{\"money\":{\"amount\":1792,\"currency\":\"KRW\"},\"offset\":0},\"priceEx\":null,\"unit\":\"g\"},\"eligibilityConditions\":{},\"priceEx\":null,\"manageCode\":null,\"expiryDate\":null,\"membershipType\":null,\"paymentMethodId\":null,\"paymentMethodDescription\":null,\"cardIdentificationType\":null,\"cardBrand\":null,\"cardCode\":null,\"cardType\":null,\"i18nDiscountAmount\":{\"amount\":\"0\",\"rawAmount\":0,\"fractionDigits\":0,\"currency\":\"KRW\"},\"percentageDiscount\":false,\"i18nPrice\":{\"amount\":\"21500\",\"rawAmount\":21500,\"fractionDigits\":0,\"currency\":\"KRW\"},\"fixedDiscount\":false},{\"quantity\":1,\"priceType\":\"ORIGINAL\",\"price\":21500,\"priceWithDeliveryFee\":21500,\"discountType\":null,\"discountRate\":null,\"priceBasedDiscountRate\":null,\"promotionBadgeTexts\":{},\"discountAmount\":0,\"description\":null,\"unitPrice\":{\"amount\":10,\"extendedPrice\":{\"money\":{\"amount\":1792,\"currency\":\"KRW\"},\"offset\":0},\"priceEx\":{\"amount\":1792,\"currency\":\"KRW\"},\"unit\":\"g\"},\"unitPriceWithDeliveryFee\":{\"amount\":10,\"extendedPrice\":{\"money\":{\"amount\":1792,\"currency\":\"KRW\"},\"offset\":0},\"priceEx\":null,\"unit\":\"g\"},\"eligibilityConditions\":{},\"priceEx\":null,\"manageCode\":null,\"expiryDate\":null,\"membershipType\":null,\"paymentMethodId\":null,\"paymentMethodDescription\":null,\"cardIdentificationType\":null,\"cardBrand\":null,\"cardCode\":null,\"cardType\":null,\"i18nDiscountAmount\":{\"amount\":\"0\",\"rawAmount\":0,\"fractionDigits\":0,\"currency\":\"KRW\"},\"percentageDiscount\":false,\"i18nPrice\":{\"amount\":\"21500\",\"rawAmount\":21500,\"fractionDigits\":0,\"currency\":\"KRW\"},\"fixedDiscount\":false},{\"quantity\":1,\"priceType\":\"GIFTING_REWARD_CASH\",\"price\":94,\"priceWithDeliveryFee\":0,\"discountType\":\"PERCENTAGE\",\"discountRate\":null,\"priceBasedDiscountRate\":null,\"promotionBadgeTexts\":{},\"discountAmount\":94,\"description\":\"로켓 선물하기 이용 시 1% 적립\",\"unitPrice\":null,\"unitPriceWithDeliveryFee\":null,\"eligibilityConditions\":{\"USER_BUDGET\":[\"50000\"],\"USER_BUDGET_I18N\":[\"{\\\"currencyCode\\\":\\\"KRW\\\",\\\"units\\\":50000,\\\"nanos\\\":0}\"]},\"priceEx\":null,\"manageCode\":\"cashback_gifting_1off\",\"expiryDate\":null,\"membershipType\":null,\"paymentMethodId\":null,\"paymentMethodDescription\":null,\"cardIdentificationType\":null,\"cardBrand\":null,\"cardCode\":null,\"cardType\":null,\"i18nDiscountAmount\":{\"amount\":\"94\",\"rawAmount\":94,\"fractionDigits\":0,\"currency\":\"KRW\"},\"percentageDiscount\":true,\"i18nPrice\":{\"amount\":\"94\",\"rawAmount\":94,\"fractionDigits\":0,\"currency\":\"KRW\"},\"fixedDiscount\":false},{\"quantity\":1,\"priceType\":\"SALES\",\"price\":9390,\"priceWithDeliveryFee\":9390,\"discountType\":null,\"discountRate\":56,\"priceBasedDiscountRate\":56,\"promotionBadgeTexts\":{},\"discountAmount\":0,\"description\":\"쿠팡판매가\",\"unitPrice\":{\"amount\":10,\"extendedPrice\":{\"money\":{\"amount\":783,\"currency\":\"KRW\"},\"offset\":0},\"priceEx\":{\"amount\":783,\"currency\":\"KRW\"},\"unit\":\"g\"},\"unitPriceWithDeliveryFee\":{\"amount\":10,\"extendedPrice\":{\"money\":{\"amount\":783,\"currency\":\"KRW\"},\"offset\":0},\"priceEx\":null,\"unit\":\"g\"},\"eligibilityConditions\":{},\"priceEx\":null,\"manageCode\":null,\"expiryDate\":null,\"membershipType\":null,\"paymentMethodId\":null,\"paymentMethodDescription\":null,\"cardIdentificationType\":null,\"cardBrand\":null,\"cardCode\":null,\"cardType\":null,\"i18nDiscountAmount\":{\"amount\":\"0\",\"rawAmount\":0,\"fractionDigits\":0,\"currency\":\"KRW\"},\"percentageDiscount\":false,\"i18nPrice\":{\"amount\":\"9390\",\"rawAmount\":9390,\"fractionDigits\":0,\"currency\":\"KRW\"},\"fixedDiscount\":false}]},\"paymentMethodPricesByMemberStatus\":{},\"paymentMethodPrices\":[],\"showWowPrice\":false,\"properties\":{\"AUTO_CANCELED\":\"APPROVAL_CANCEL\",\"OVERSEAS_PURCHASED\":\"false\",\"IMPORT_AGENCY_NAME\":\"\",\"GIFT_WRAP_ELIGIBLE\":\"true\",\"SEPARATE_REFUND_POLICY\":\"false\",\"PERSONAL_INFORMATION_USE_AGREE\":\"false\",\"TAX_TYPE\":\"TAX\",\"BEST_PRICE_GUARANTEED_3P\":\"false\",\"IS_PCC_NEEDED\":\"false\",\"SEVEN_REFUND_AGREE\":\"false\",\"PRIVATE_LABEL\":\"true\",\"PRODUCED_DATE\":\"\",\"AUTO_DISPLAY\":\"true\",\"CANCEL_BUTTON_SHOWED\":\"false\",\"VARIATIONAL_OFFERS\":\"4389020027,4389054573\",\"NOT_FOR_INDIVIDUAL_SALE\":\"false\",\"REGISTERED_FROM\":\"RETAIL\",\"PARALLEL_IMPORTED\":\"false\",\"STOCK_SHOWED\":\"true\",\"PRE_ORDER\":\"false\",\"EXTRA_INFO_LABEL_EX\":\"{\\\"ko_KR\\\":\\\"\\\"}\",\"EXPIRED_DATE\":\"2027-01-01\",\"PRINT_BUTTON_SHOWED\":\"true\",\"IS_IMPORT_AGENCY\":\"false\",\"MANUFACTURED_DATE\":\"2025-07-11\",\"ORIGIN_VENDOR_ITEM_VALID\":\"true\",\"OFFER_CONDITION\":\"NEW\",\"ORIGINAL_PRICE_FOR_RETAIL\":\"21500\",\"ORIGINAL_PRICE_FOR_RETAIL_I18N\":\"{\\\"currencyCode\\\":\\\"KRW\\\",\\\"units\\\":21500,\\\"nanos\\\":0}\",\"SALE_PERIOD_TYPE\":\"REGULAR\",\"FRONT_CANCELABLE\":\"true\",\"EXTRA_INFO_LABEL\":\"\",\"THIRD_PARTY_AGREE\":\"true\",\"IMPORT_AGENCY_NAME_EX\":\"{\\\"ko_KR\\\":\\\"\\\"}\",\"REMOTE_AREA_DELIVERABLE\":\"false\",\"ROCKET_MARKET_CHILD_VIID\":\"72390364487\",\"PURCHASED_BEFORE\":\"false\",\"COLD_START\":\"false\",\"RANK_BEFORE_COLD_START_BOOST\":\"0\",\"OFFER_CONDITION_V2\":\"NEW\"},\"itemAttributes\":{\"7347\":{\"expose\":false,\"id\":7347,\"name\":\"건강식품 사용대상\",\"value\":\"어린이\",\"valueWithUnit\":\"어린이\",\"weight\":5,\"unitDescription\":\"없음\"},\"7637\":{\"expose\":true,\"id\":7637,\"name\":\"개당 중량\",\"value\":\"120\",\"valueWithUnit\":\"120g\",\"weight\":1,\"unitDescription\":\"g\"},\"7652\":{\"expose\":true,\"id\":7652,\"name\":\"수량\",\"value\":\"1\",\"valueWithUnit\":\"1개\",\"weight\":2,\"unitDescription\":\"개\"},\"7923\":{\"expose\":false,\"id\":7923,\"name\":\"구성품\",\"value\":\"단품\",\"valueWithUnit\":\"단품\",\"weight\":20,\"unitDescription\":\"없음\"},\"10573\":{\"expose\":false,\"id\":10573,\"name\":\"건강식품 타입\",\"value\":\"캡슐\",\"valueWithUnit\":\"캡슐\",\"weight\":3,\"unitDescription\":\"없음\"},\"11024\":{\"expose\":false,\"id\":11024,\"name\":\"기능별 영양제\",\"value\":\"해당없음\",\"valueWithUnit\":\"해당없음\",\"weight\":4,\"unitDescription\":\"없음\"},\"11411\":{\"expose\":false,\"id\":11411,\"name\":\"보관방식\",\"value\":\"실온보관\",\"valueWithUnit\":\"실온보관\",\"weight\":12,\"unitDescription\":\"없음\"},\"12546\":{\"expose\":false,\"id\":12546,\"name\":\"건강기능식품\",\"value\":\"인증 있음\",\"valueWithUnit\":\"인증 있음\",\"weight\":15,\"unitDescription\":\"없음\"},\"12746\":{\"expose\":false,\"id\":12746,\"name\":\"유산균 종류\",\"value\":\"신바이오틱스\",\"valueWithUnit\":\"신바이오틱스\",\"weight\":7,\"unitDescription\":\"없음\"},\"12747\":{\"expose\":false,\"id\":12747,\"name\":\"유산균 특징\",\"value\":\"모유/초유유산균\",\"valueWithUnit\":\"모유/초유유산균\",\"weight\":8,\"unitDescription\":\"없음\"},\"12915\":{\"expose\":false,\"id\":12915,\"name\":\"건강식품 성분\",\"value\":\"단일영양제\",\"valueWithUnit\":\"단일영양제\",\"weight\":14,\"unitDescription\":\"없음\"},\"12916\":{\"expose\":false,\"id\":12916,\"name\":\"유산균 보장균수\",\"value\":\"1억 이하\",\"valueWithUnit\":\"1억 이하\",\"weight\":13,\"unitDescription\":\"없음\"}},\"adhocProperties\":{},\"divisionType\":\"GOODS\",\"offerAttribute\":null,\"badgeReorder\":false,\"soldOutReason\":null,\"purchasedCount\":null,\"lastPurchasedDateUTC\":null,\"warrantyService\":{\"warrantyMonth\":0,\"available\":false},\"brandInfoList\":[{\"shopAvailable\":true,\"properties\":null,\"name\":\"비타할로\",\"logoImagePath\":\"brandLogo/brandLogo_7c044b9f-1d0a-4005-ad81-502d8867cd18.jpg\",\"id\":43571,\"description\":\"비타할로\",\"luxuryBrand\":false,\"farfetchBrand\":false,\"brandTier\":null,\"officialBrandName\":\"비타할로\",\"tier1\":false,\"tier2\":false,\"tier3\":false,\"bothFashionBeauty\":false,\"brandShopLink\":null,\"farfetchBrandShopLink\":null,\"brandKeywordBannerRluxMainImage\":null,\"brandKeywordBannerFarfetchMainImage\":null,\"brandWhiteLogo\":null}],\"freebie\":null,\"wowMember\":false,\"memberDto\":{\"loyaltyMemberId\":null,\"loyaltyMemberStatus\":\"UNKNOWN\",\"rocketWowEligible\":true,\"profilingSegments\":[],\"acquirerCode\":null,\"creditCardHistoryIn90Day\":null,\"agreeCollect\":false,\"studentStatus\":null,\"membershipBenefits\":[{\"type\":\"CARD_ISSUANCE.WOW\",\"attribute\":null,\"granted\":true},{\"type\":\"CASHBACK.BASIC\",\"attribute\":null,\"granted\":false},{\"type\":\"EATS\",\"attribute\":null,\"granted\":false},{\"type\":\"FAST_DELIVERY.DAWN\",\"attribute\":null,\"granted\":false},{\"type\":\"FAST_DELIVERY.PDD\",\"attribute\":null,\"granted\":false},{\"type\":\"FAST_DELIVERY.SAME_DAY\",\"attribute\":null,\"granted\":false},{\"type\":\"FREE_RETURN.FARFETCH\",\"attribute\":null,\"granted\":false},{\"type\":\"FREE_RETURN.JIKGU\",\"attribute\":null,\"granted\":false},{\"type\":\"FREE_RETURN.OTHERS\",\"attribute\":null,\"granted\":false},{\"type\":\"FREE_RETURN.ROCKET\",\"attribute\":null,\"granted\":false},{\"type\":\"FREE_SHIPPING.FARFETCH\",\"attribute\":null,\"granted\":true},{\"type\":\"FREE_SHIPPING.JIKGU\",\"attribute\":null,\"granted\":false},{\"type\":\"FREE_SHIPPING.OTHERS\",\"attribute\":null,\"granted\":false},{\"type\":\"FREE_SHIPPING.ROCKET\",\"attribute\":null,\"granted\":false},{\"type\":\"MEMBERSHIP_ENABLEMENT.WOW\",\"attribute\":null,\"granted\":false},{\"type\":\"MEMBERSHIP_PERIOD.WOW\",\"attribute\":null,\"granted\":true},{\"type\":\"MEMBERSHIP_PRICE.WOW\",\"attribute\":null,\"granted\":true},{\"type\":\"PLAY\",\"attribute\":null,\"granted\":false},{\"type\":\"PURCHASE.FRESH\",\"attribute\":null,\"granted\":false},{\"type\":\"SIGNUP_PROMOTION.PPC_PROMOTION\",\"attribute\":null,\"granted\":true},{\"type\":\"SIGNUP_PROMOTION.PPD_PROMOTION\",\"attribute\":null,\"granted\":true},{\"type\":\"SIGNUP_PROMOTION.WELCOME_PROMOTION\",\"attribute\":null,\"granted\":true},{\"type\":\"WOW_PRICE.BASIC\",\"attribute\":null,\"granted\":false},{\"type\":\"WOW_PRICE.BEST_PRICE\",\"attribute\":null,\"granted\":false},{\"type\":\"WOW_PRICE.EXCLUSIVE_PRICE\",\"attribute\":null,\"granted\":false},{\"type\":\"WOW_PRICE.TIME_DISCOUNT\",\"attribute\":null,\"granted\":false},{\"type\":\"WOW_PRICE.TRAVEL_DISCOUNT\",\"attribute\":null,\"granted\":false},{\"type\":\"WOW_PRICE.WOW_CCID\",\"attribute\":null,\"granted\":false},{\"type\":\"WOW_PRICE.WOW_DISCOUNT\",\"attribute\":null,\"granted\":false},{\"type\":\"WOW_PRICE.WOW_ONLY_COUPON\",\"attribute\":null,\"granted\":false}],\"memberPaymentDto\":{\"activeOptionAcquirerCode\":null,\"activeOptionExist\":false,\"activeOptionCardType\":null,\"activeOptionPayType\":null,\"activeOptionCardBrandCode\":null,\"activeOptionCardIdentificationType\":null,\"activeOptionPartnerBrand\":null},\"rocketWowMember\":false,\"nonPseudoRocketWowMember\":false,\"pseudoMember\":false},\"categoryId\":8579,\"remoteShippingFeeChargeable\":false,\"adult\":false,\"rocketDelivery\":true,\"freeDelivery\":false,\"directUse\":false,\"freeOver9800Delivery\":false,\"i18nCouponPrice\":null,\"subscriptionDelivery\":false,\"subscriptionPromotion\":false,\"globalDelivery\":false,\"i18nOriginalPrice\":{\"amount\":\"21500\",\"rawAmount\":21500,\"fractionDigits\":0,\"currency\":\"KRW\"},\"i18nSubscriptionPrice\":null,\"couPick\":false,\"i18nSalesPrice\":{\"amount\":\"9390\",\"rawAmount\":9390,\"fractionDigits\":0,\"currency\":\"KRW\"},\"i18nMinPrice\":null,\"i18nSubscribeCouponPrice\":null},\"legacyProductId\":186444898,\"bestArea\":{\"sequence\":-1,\"show\":false},\"imageAndTitleArea\":{\"description\":\"\",\"title\":\"비타할로 키즈 생 유산균 프리미엄, 120g, 1개\",\"travelUrl\":\"\",\"defaultUrl\":\"//thumbnail.coupangcdn.com/thumbnails/remote/230x230ex/image/retail/images/971373627941699-dd111ddc-ad66-411c-80cd-e55a7310dd90.jpg\",\"oriDefaultUrl\":\"retail/images/971373627941699-dd111ddc-ad66-411c-80cd-e55a7310dd90.jpg\",\"oriTravelUrl\":\"\",\"oriLocalUrl\":\"\",\"localUrl\":\"\",\"thumbnailUrl\":null,\"isWideImage\":false,\"wideImageUrl\":\"\"},\"priceArea\":{\"originalPrice\":\"21,500\",\"salesPrice\":\"9,390\",\"lowestPrice\":null,\"instantDiscountPrice\":\"\",\"criteriaPriceInfo\":\"\",\"basePrice\":\"21,500\",\"price\":\"9,390\",\"discountRate\":56,\"instantDiscountDescription\":\"\",\"shippingFeeDescription\":null,\"showInstantDiscountDescription\":false,\"discountCountDownText\":null,\"discountExpireTime\":null,\"badDiscount\":false,\"i18nOriginalPrice\":{\"amount\":\"21500\",\"rawAmount\":null,\"fractionDigits\":0,\"currency\":\"KRW\"},\"i18nLowestPrice\":null,\"i18nSalesPrice\":{\"amount\":\"9390\",\"rawAmount\":null,\"fractionDigits\":0,\"currency\":\"KRW\"},\"i18nPrice\":{\"amount\":\"9390\",\"rawAmount\":null,\"fractionDigits\":0,\"currency\":\"KRW\"},\"discount\":false,\"instantDiscount\":false,\"i18nBasePrice\":{\"amount\":\"21500\",\"rawAmount\":null,\"fractionDigits\":0,\"currency\":\"KRW\"},\"i18nInstantDiscountPrice\":null},\"subscriptionPriceArea\":null,\"snsDiscountRate\":-1,\"wowOnlyInstantDiscountRate\":-1,\"bundlePriceArea\":{\"price\":\"783\",\"cnt\":\"10\",\"unitDescription\":\"g\",\"i18nPrice\":{\"amount\":\"783\",\"rawAmount\":null,\"fractionDigits\":0,\"currency\":\"KRW\"}},\"instantDiscountBundlePriceArea\":{\"price\":\"783\",\"cnt\":\"10\",\"unitDescription\":\"g\",\"i18nPrice\":{\"amount\":\"783\",\"rawAmount\":null,\"fractionDigits\":0,\"currency\":\"KRW\"}},\"buyCntArea\":{\"buyCntInBest50\":\"\",\"buyCnt\":\"\",\"showOriginalCnt\":false,\"premium\":false,\"showCnt\":false},\"soldoutArea\":{\"soldOutText\":\"일시품절\",\"soldout\":false},\"priceTagArea\":{\"css\":\"prod-type discounted-price\",\"title\":\"\",\"discountRate\":\"\"},\"labelArea\":{\"labelAreaContents\":[],\"todayClose\":false},\"badgeArea\":{\"badgeAreaContents\":[]},\"useDateArea\":null,\"uniqueMessageArea\":{\"uniqueMessage\":{\"description\":\"\",\"messages\":[{\"text\":\"\",\"emphasis\":false}]}},\"gaDataArea\":{\"category\":\"\",\"action\":\"\",\"label\":\"\",\"value\":0},\"rocketArea\":{\"badgeImage\":{\"iconUrl\":\"https://image.coupangcdn.com/image/rds/delivery_badge_ext/badge_1998ab96bf7.png\",\"iconWidth\":72,\"iconHeight\":16},\"show\":true},\"globalArea\":{\"badgeImage\":null,\"countryName\":null,\"show\":false},\"productArea\":{\"product\":true},\"cashBackArea\":{\"iconUrl\":\"https://image.coupangcdn.com/image/badges/cashback/web/list-cash-icon@2x.png\",\"cashRewardText\":\"최대 470원 적립\"},\"bestAward\":null,\"ccidEligible\":false,\"ccidArea\":null,\"stampImageInfo\":null,\"cornerTagArea\":null,\"link\":\"/vp/products/186444898?itemId=533074610\u0026vendorItemId=4389020027\u0026sourceType=SDW_TOP_SELLING_WIDGET_V2\u0026searchId=1a76afe61280463\u0026q=유산균\",\"sequence\":14,\"reviewArea\":{\"ratingAverage\":5,\"ratingCount\":3601,\"ratingRatio\":100},\"deadLineArea\":{\"almostSoldOut\":false,\"deadLineApproach\":false},\"bestPriceArea\":null,\"topBrandArea\":null,\"bizOnlyArea\":null,\"couPickArea\":null,\"attributeCount\":0,\"attributeName\":\"\",\"packageType\":null,\"productCount\":null,\"vendorItemId\":4389020027,\"benefitBadgeArea\":{\"badgeAreaContents\":[]},\"deliveryBadgeArea\":{\"badgeAreaContents\":[]},\"deliverySpeedBadgeArea\":null,\"subscriptionBundlePriceArea\":null,\"bestSellerBadgeArea\":null,\"rocketFreeShippingBadge\":null,\"promisedDeliveryDateArea\":{\"contents\":[{\"text\":\"내일(금) \",\"size\":14,\"color\":\"#008C00\",\"bold\":false},{\"text\":\"도착 보장\",\"size\":14,\"color\":\"#008C00\",\"bold\":false}],\"deliveryType\":null,\"deliveryBadgeImage\":null,\"notEmpty\":true},\"shippingInfoArea\":null,\"eligibleFalconArea\":null,\"usedProductArea\":{\"usedProductInfo\":null,\"usedProductPrice\":null,\"usedOnlyItem\":false,\"notDisplay\":false},\"adBadgeArea\":{\"sponsored\":false,\"adzerkLog\":null,\"showSeparator\":false},\"preOrder\":null,\"bundleOptionArea\":null,\"lowStockArea\":null,\"ranking\":null,\"couponNudgeText\":null,\"couponNudgeStyle\":null,\"couponTagArea\":null,\"ab56922IsB\":false,\"ab56923IsB\":false,\"ab92528SrpIsB\":false,\"ab92528PlpIsB\":false,\"badgeReorder\":false,\"luxuryBrandAuthenticityArea\":null,\"luxuryNudgeText\":null,\"fePricingCxType\":null,\"handymanArea\":null,\"lastPurchaseArea\":null,\"rluxBrandNameArea\":{\"show\":false,\"badgeImage\":null,\"brandName\":null,\"rluxAuthText\":null},\"adjustSpacingTarget\":false,\"hideArriveInfo\":false,\"emptyCcidAndCashback\":false,\"isRlux\":false,\"isFarfetch\":false,\"properties\":{\"promiseDeliveryDate\":\"내일(금) 도착 보장\",\"extendPdd\":false,\"remoteAreaShippingFeeBadge\":\"False\"},\"badges\":null,\"useBadges\":false,\"sponsored\":false,\"collection\":false,\"underGlobalThreshold\":false,\"showPipe\":false,\"showQuickView\":true,\"isCeCategory\":false}],\"position\":6,\"logging\":{\"requestId\":\"3ebd76647b8945a48873545541f08573\",\"sourceType\":\"SDW_TOP_SELLING_WIDGET_V2\",\"eventName\":\"sdw_impression\"}},\"sdwAgingWidget\":\"$undefined\",\"q\":\"유산균\",\"isLoyaltyMember\":false}],\"$L35\",\"$L36\",\"$L37\"]}]}]\n"])</script><script>self.__next_f.push([1,"28:[]\n"])</script><script>self.__next_f.push([1,"31:[\"$\",\"$L38\",null,{\"payload\":{\"enableEnhanceMWebLogin\":false,\"enableEnhanceMWebAB\":\"A\",\"enableEnhanceMWebFF\":\"A\",\"enableSellerJoin\":true,\"enableNewDriveAppDownload\":false,\"enableFingerprintLog\":false,\"applyChangeGWRecommendationFetchingLogic\":true,\"adsMemoization\":true,\"applyRDSGuideline\":\"A\",\"enabledCenterC1Image\":false,\"enhanceMWebWidgets\":false,\"enableCenterC1ImageAb\":true,\"enableS4SlotExpansion\":true,\"removeBestSellerBadge\":false,\"enableMultipleThresholdCCID\":false,\"improvePddBadge\":true,\"blackoutCoupayCashbackNudge\":false},\"messages\":{\"108850\":\"상세보기 \u003e\",\"386085\":\"추천해준 검색어가 도움이 안 돼요\",\"487466\":\"C.에비뉴\",\"559380\":\"브랜드\",\"620039\":\"종\",\"759744\":\"더 좋은 쿠팡을 기대해주세요.\",\"974553\":\"소중한 의견 감사합니다.\",\"998286\":\"1:1 채팅문의\",\"coupang\":\"쿠팡!\",\"i18n.price.unit\":\"{unit}당 {price}\",\"c1d147\":\"추천광고\",\"7a24ee\":\"더 알아보기\",\"9724d0\":\"찾던상품\",\"46c9d2\":\"아니신가요?\",\"e048e4\":\"최근본상품\",\"c57618\":\"이전 페이지 보기\",\"02dbac\":\"다음 페이지 보기\",\"back\":\"뒤로가기\",\"demo.rich\":\"rich \u003cs\u003estrong {v}\u003c/s\u003e\",\"94b7db\":\"닫기\",\"ff1379\":\"삭제가 안됐나요? 다시 한번 해보세요.\",\"52624c\":\"최근본 상품이\",\"7779d6\":\"없습니다.\",\"2d47c8\":\"다시 시도해 주세요.\",\"990d4f\":\"마이크\",\"2bdfeb\":\"최근검색어켜기\",\"fd74f0\":\"검색어\",\"8124e8\":\"최근\",\"fc81e2\":\"삭제\",\"f3dc4f\":\"최근 검색어 저장 기능이 꺼져 있습니다.\",\"1cb232\":\"찾고 싶은 상품을 검색해보세요!\",\"32a686\":\"쇼핑\",\"6e50be\":\"더보기\",\"see.less\":\"접기\",\"a2c93c\":\"티켓\",\"4bcb41\":\"여행/티켓\",\"fc01cf\":\"여행 홈 바로가기\",\"0037c7\":\"테마관\",\"16f5ac\":\"{key}+D 키를 누르면 즐겨찾기에 추가하실 수 있습니다.\",\"ca26ed\":\"장바구니 전체보기\",\"9a3b14\":\"장바구니에 담긴 상품이 없습니다.\",\"1830a0\":\"인기 컬렉션\",\"9c9e48\":\"전체보기\",\"f591ef\":\"쿠팡 랭킹순은 판매 실적, 사용자 선호도,\",\"d73c73\":\"상품 정보 충실도 및 검색 정확도 등을\",\"9c102d\":\"종합적으로 고려한 순위입니다.\",\"category\":\"카테고리\",\"fb4c7f\":\"쿠팡 상품 검색\",\"4b8d54\":\"검색\",\"7a0f55\":\"전체삭제\",\"c8917d\":\"최근검색어끄기\",\"2e0203\":\"마이쿠팡\",\"a6d8d7\":\"주문목록\",\"3168a9\":\"취소/반품\",\"f540ba\":\"찜 리스트\",\"9374b1\":\"정기배송\",\"063c9d\":\"즐겨찾기\",\"f45dbc\":\"입점신청\",\"a18579\":\"오픈마켓\",\"4e0fa1\":\"여행·티켓\",\"7d976f\":\"로켓배송\",\"6e7f41\":\"제휴마케팅\",\"73260d\":\"별점\",\"38c1b4\":\"가격\",\"4820e1\":\"상품 상태\",\"8d371d\":\"+ 더보기\",\"e03f50\":\"- 접기\",\"b68c7d\":\"카테고리\",\"cbb288\":\"쿠팡 홈\",\"gnb.dropdown.rocketgrowth\":\"로켓그로스\",\"user.honor\":\"\u003cstrong\u003e{name}\u003c/strong\u003e 님\",\"5ce55d\":\"님 마이쿠팡 바로가기\",\"919c1b\":\"로그아웃\",\"6d2536\":\"로그인\",\"e668cc\":\"회원가입\",\"910d9d\":\"바로가기\",\"cac080\":\"판매완료\",\"72fb3e\":\"판매종료\",\"998f31\":\"오늘의 발견\",\"1e8c10\":\"닫기\",\"jikgu.widget.title\":\"전세계 핫딜\",\"jikgu.widget.subtitle\":\"로켓직구 글로벌특가\",\"promotion.discount\":\"지금 {discountRate} 할인 중\",\"promotion.title.prefix\":\"오늘의\",\"promotion.title\":\"판매자 특가\",\"jikgu.badge\":\"특가진행중\",\"jikgu.discount.desc\":\"와우할인가\",\"jikgu.progress\":\"남음\",\"3ac163\":\"광고\",\"8c9e05\":\"쿠팡으로부터 광고 서비스를 구매한 제휴업체의 판매상품입니다.\",\"1a80d4\":\"무료배송\",\"2c8086\":\"추가 할인쿠폰\",\"2cdbdd\":\"다음 상품 보기\",\"c764c2\":\"이전 상품 보기\",\"1d80ad\":\"최근 본 상품\",\"bcea32\":\"이런 상품 어때요?\",\"27bbca\":\"개 상품보기\",\"988a7a\":\"상품모음\",\"f52573\":\"쿠팡직구\",\"language\":\"언어\",\"bf7595\":\"HOT! TREND 카테고리별 추천 광고상품\",\"8f8a11\":\"카테고리 설정하기\",\"2ba516\":\"보고싶은 카테고리의 순서를 바꿔보세요\",\"893f3d\":\"초기화\",\"be8764\":\"취소\",\"1aacb5\":\"확인\",\"115bce\":\"설정\",\"63d25f\":\"바로가기 \u003e\",\"e4d7a7\":\"베이비패션 \u003e\",\"d5aa64\":\"여아키즈패션 \u003e\",\"f2c659\":\"남아키즈패션 \u003e\",\"c4c070\":\"HOT키워드\",\"4cc583\":\"기획전\",\"5a849f\":\"총\",\"3d79c7\":\"신청가능\",\"4b4d66\":\"최소 1개 카테고리를 선택해 주세요\",\"9ba104\":\"보러가기\",\"save\":\"Save\",\"1023c0\":\"자주묻는 질문\",\"8497eb\":\"고객센터\",\"d404bf\":\"고객의 소리\",\"126e1c\":\"취소 / 반품 안내\",\"browser.msg1\":\"고객님의 브라우저에서는 쿠팡이 정상 동작하지 않습니다.\",\"browser.msg2\":\"마이크로소프트 엣지 업데이트, 크롬 또는 파이어폭스 브라우저를 설치하세요.\",\"browser.ie\":\"마이크로소프트 엣지\",\"browser.chrome\":\"크롬\",\"browser.firefox\":\"파이어폭스\",\"browser.update\":\"업데이트하기\",\"a57ab0\":\"개\",\"bb2509\":\"쿠팡비즈\",\"b8ba7f\":\"로켓직구\",\"b69c6a\":\"로켓배송\",\"f0e8ce\":\"쿠팡추천\",\"srp.freebie.tag.txt\":\"사은품\",\"srp.unit.badges.handyman\":\"쿠팡무상A/S\",\"2956fd\":\"탑 브랜드\",\"31ea0d\":\"정기배송 가능\",\"admark.text\":\"AD\",\"admark.tooltip\":\"쿠팡으로부터 광고 서비스를 구매한 제휴업체의 판매상품으로 일반 상품보다 우선 정렬됩니다.\",\"da7e61\":\"이전\",\"aef613\":\"다음\",\"a4b69f\":\"전체\",\"f53a6e\":\"필터\",\"fcd63a\":\"에 대한 검색결과\",\"52d4ef\":\"연관검색어: \",\"cbaa1f\":\"선택한 필터:\",\"6139b6\":\"삭제\",\"79b4ce\":\"선택하신 필터에 맞는 상품이 없습니다.\",\"ca59cf\":\"필터를 다시 선택해주세요.\",\"1cb675\":\"전체해제\",\"96fd28\":\"로켓와우\",\"srp.filter.luxury.rlux\":\"R.LUX\",\"fab73d\":\"박스 훼손\",\"db0cec\":\"새 상품\",\"bc0788\":\"리퍼\",\"fde026\":\"중고\",\"b909b3\":\"재포장\",\"7117b6\":\"로켓\",\"a2aa4f\":\"장바구니 연관상품\",\"0041e3\":\"님의 장바구니 상품\",\"d22e25\":\"장바구니\",\"9bcfb6\":\"품절임박\",\"srp.delivery.fee.toggle\":\"배송비 포함\",\"8c3f65\":\"설명\",\"srp.help.ranking.new.desc1\":\"쿠팡 랭킹순은 판매 실적, 고객 선호도, 상품 경쟁력 및\",\"srp.help.ranking.new.desc1_2\":\"검색 정확도 등을 종합적으로 고려한 것입니다.\",\"srp.help.ranking.new.li.title1\":\"판매 실적 : \",\"srp.help.ranking.new.li.txt1\":\"상품의 구매 건수\",\"srp.help.ranking.new.li.title2\":\"고객 선호도 : \",\"srp.help.ranking.new.li.txt2\":\"상품 및 판매자에 대한 고객평가 등\",\"srp.help.ranking.new.li.title3\":\"상품 경쟁력 : \",\"srp.help.ranking.new.li.txt3\":\"상품 가격, 배송 기간 등\",\"srp.help.ranking.new.li.title4\":\"검색 정확도 : \",\"srp.help.ranking.new.li.txt4\":\"검색어와 상품 간 연관도 등\",\"srp.help.ranking.new.desc2\":\"이 밖에 쿠팡 랭킹순에는 고객의 편의 및 만족도\",\"srp.help.ranking.new.desc3\":\"향상을 위한 추가적인 요소가 수시로 반영될 수 있습니다.\",\"listSize.option.label\":\"개씩 보기\",\"wow.join.coupon\":\"와우 가입 쿠폰\",\"e0c6d1\":\"무료배송\",\"common.freereturn\":\"무료반품\",\"delivery.today\":\"오늘배송\",\"promo.special.price.going\":\"특가진행중\",\"seller.rocket\":\"판매자로켓\",\"is.left\":\"남음\",\"fd60cb\":\"쿠팡으로부터 광고 서비스를\",\"a1215f\":\"구매한 제휴업체의 판매상품으로\",\"c342f4\":\"일반 상품보다 우선 정렬됩니다.\",\"wow.sale.price\":\"와우할인가\",\"srp.unit.badges.jikgu1PWarrantyAB\":\"로켓직구 무상보증\",\"1164a8\":\"에 대한 검색결과가 없습니다.\",\"9e4c0b\":\"다른 검색어를 입력하시거나 철자와 띄어쓰기를 확인해 보세요.\",\"f26960\":\"이것을 찾아보시겠어요?\",\"63a502\":\"현재 검색 결과에 만족하셨나요?\",\"ab5b2e\":\"어떤 문제가 있었나요?\",\"b5d3fd\":\"관련 없는 상품이 있어요\",\"fcbdf7\":\"필터가 도움이 안 돼요\",\"74e35e\":\"이미지나 정보가 부정확해요\",\"27f7de\":\"기타 원하는 옵션이 없어요\",\"bfcb6c\":\"응답 수정하기\",\"download\":\"쿠팡 앱 설치하기\",\"cart.move\":\"이동\",\"cart.added\":\"장바구니에 상품을 담았습니다.\",\"cart.added2\":\"장바구니에 상품을 1개 더 담았습니다.\",\"cart.limit\":\"이 상품은 최대 {limit}개까지 구매 가능합니다.\",\"cart.fail\":\"상품을 일시적으로 담을 수 없습니다.\",\"product.discount\":\"\u003cwrapOffset\u003e{discount}%\u003c/wrapOffset\u003e\",\"bestSeller.title\":\"베스트셀러\",\"bestSeller.subTitle\":\"최근 다른 고객이 많이 구매한 상품\",\"discount\":\"할인\",\"free.delivery.under.threshold.text\":\"{threshold} 이상 구매 시\",\"2c1eed\":\"쿠팡\\n                앱으로 보기\",\"9d7998\":\"괜찮습니다. 모바일웹으로 볼게요.\",\"bottom.download\":\"쿠팡 앱으로 더 쉽고 편하게 쇼핑하세요!\",\"bottom.download.button\":\"앱 설치하기\",\"c2.subTitle\":\"오늘 쿠팡이 엄선한 가장 HOT한 상품!\",\"c2.buy\":\"구매하기\",\"c3.title\":\"HOT! TREND\",\"c3.subTitle1\":\"카테고리별\",\"c3.subTitle2\":\"추천 광고상품\",\"mobile.sort\":\"정렬\",\"mobile.filter.confirm\":\"결과보기\",\"6290df\":\"신뢰관리센터\",\"noResult.title\":\"해당 상품이 없습니다.\",\"noResult.subTitle\":\"곧 좋은 상품으로 찾아오겠습니다.\",\"f699a2\":\"찜하기\",\"ebcde7\":\"정보창닫기\",\"7ec99c\":\"이 브랜드를 찜했습니다.\",\"b3d4e2\":\"찜한 브랜드 보기 \u003e\",\"brandshop.new.product\":\"신규상품\",\"plp.notStudentProgramTarget\":\"학생 와우회원 전용 페이지입니다\",\"srp.preventionBanner.txt1\":\"24시간 자살예방상담은 전화 {phoneLink}, 카카오톡 {kakaoLink}으로 연락해주세요.\",\"srp.preventionBanner.txt2\":\"당신의 이야기를 들려주세요. 더 이상 혼자가 아닙니다.\",\"popup.delivery.fee.title\":\"무료배송\",\"srp.reviews.title\":\"최우수 평론\",\"signinBanner.signInBenefitsPopup.title\":\"로그인하면 이런 혜택을 받을 수 있어요!\",\"signinBanner.signInBenefitsPopup.confirmLabel\":\"지금 로그인\",\"signinBanner.signInBenefitsPopup.cancelLabel\":\"다음에 하기\",\"signinBanner.signInBenefitsPopup.bag.line1\":\"익일\",\"signinBanner.signInBenefitsPopup.bag.line2\":\"배송\",\"signinBanner.signInBenefitsPopup.commerce.line1\":\"맞춤형\",\"signinBanner.signInBenefitsPopup.commerce.line2\":\"상품\",\"signinBanner.signInBenefitsPopup.transportation.line1\":\"단독\",\"signinBanner.signInBenefitsPopup.transportation.line2\":\"프로모션\",\"signinBanner.bottomSheet.image\":\"https://image10.coupangcdn.com/image/ccm/banner/daa77f064f21ed0cdf32be3f5beafb3b.jpg\",\"signinBanner.bottomSheet.imageAlt\":\"로그인하면 이런 혜택을 받을 수 있어요!\",\"searchGuidePage.actionButton.title1\":\"에어컨\",\"searchGuidePage.actionButton.title2\":\"‘{query}’ 이어서 검색하기\",\"searchGuidePage.actionButton.title3\":\"‘{query}’ 검색하기\",\"driveDownload.bottomSheet.title1D\":\"열려 있는 App 당신의 것을 얻으십시오\",\"driveDownload.bottomSheet.titleTail\":\"첫 구매 쿠폰!\",\"driveDownload.bottomSheet.openBtnTextD\":\"사용 횟수 무제한\",\"driveDownload.modalPopup.openBtnText\":\"열려 있는 App\",\"driveDownload.modalPopup.centerImg\":\"https://static.coupangcdn.com/image/coupang_front_web/drive-app-download/DriveDownloadAppScoreEn2.png\",\"hotProducts.title.prefix\":\"트렌딩 상품\",\"popularProduct.title.prefix\":\"인기 상품\",\"bestSellersViewed.title\":\"보셨던 카테고리의 베스트셀러\",\"aiComparison.mainSpecs\":\"주요 사양\",\"aiComparison.otherSpecs\":\"그 외 사양\",\"aiComparison.reviewSummary\":\"리뷰 요약\",\"aiComparison.currentProduct\":\"현재 상품\",\"aiComparison.pageTitle\":\"AI 상품 비교\",\"aiComparison.footerTitle\":\"상품 비교가 유용했나요?\",\"aiComparison.infoPopupP1\":\"AI 상품 비교는 상품 상세 정보, 고객 리뷰를 기반으로 AI가 자동 생성한 결과입니다.\",\"aiComparison.infoPopupP2\":\"기술 특성상 내용에 오류가 있을 수 있으며, 원본 정보의 정확도 및 추출 시점에 따라 잘못된 내용이 포함되거나 일부 정보가 누락될 수 있습니다. 구매 전 정확한 정보 파악을 위해 상품 상세 설명을 꼭 확인해주세요.\",\"aiComparison.thumbUp.snackbar\":\"의견을 남겨주셔서 감사합니다.\",\"aiComparison.networkError.title\":\"네트워크 연결이 원활하지 않습니다\",\"aiComparison.networkError.description\":\"연결 상태를 확인하고 다시 시도해주세요.\",\"aiComparison.networkError.button\":\"다시 시도하기\",\"aiComparison.thumbDownContent\":\"의견 남기기\",\"aiComparison.thumbDownContent.checkbox1\":\"사양 비교 정보가 부족해요.\",\"aiComparison.thumbDownContent.checkbox2\":\"사양 상세 정보를 이해하기 어려워요.\",\"aiComparison.thumbDownContent.checkbox3\":\"전반적으로 구매에 도움되지 않았어요.\",\"aiComparison.thumbDownContent.textarea\":\"(선택) 서비스 품질 향상을 위해 의견을 남겨주세요\",\"aiComparison.thumbDownContent.submitButton\":\"저장\",\"aiComparison.addToCart\":\"장바구니에 상품이 담겼습니다.\",\"aiComparison.goToCart\":\"장바구니 바로가기\",\"aiComparison.infoPopupSDPOrSRPLi1\":\"상품 상세 정보, 고객 리뷰 등을 바탕으로 AI가 생성한 내용입니다. 이 밖에 고객의 편의 및 만족도 향상, 기능 개선 등을 위한 추가적인 요소가 수시로 반영될 수 있습니다.\",\"aiComparison.infoPopupSDPOrSRPLi2\":\"AI 기술의 특성상 부정확하거나 오류가 있을 수 있습니다. AI 서비스는 참고용으로만 활용하고, 정확한 내용은 상품 상세 설명을 직접 확인해주세요.\",\"aiComparison.infoPopupSDPLi3\":\"AI 상품 비교는 \\\"다른 고객이 함께 본 상품\\\" 중 선정한 상품을 비교합니다.\",\"aiComparison.infoPopupSDPLi4\":\"일부 상품 대상 시범 운영 중으로, 향후 다른 상품까지 확대될 수 있습니다.\",\"aiComparison.infoPopupSRPLi3\":\"AI 상품 비교는 일부 상품 대상 시범 운영 중으로, 향후 다른 상품까지 확대될 수 있습니다.\"},\"locale\":\"ko-KR\",\"region\":\"KR\",\"timeZone\":\"Asia/Seoul\",\"children\":\"$L39\"}]\n"])</script><script>self.__next_f.push([1,"3a:I[52926,[\"6433\",\"static/chunks/6433-2b3c1896c9922a6c.js\",\"4489\",\"static/chunks/4489-68b5cdfa7740d8d5.js\",\"2905\",\"static/chunks/2905-183edaf3c9af19f8.js\",\"433\",\"static/chunks/433-7eb6db1c4ef3a8d0.js\",\"3784\",\"static/chunks/3784-650ceecbaa85bc84.js\",\"175\",\"static/chunks/175-86b0232924e66eea.js\",\"4889\",\"static/chunks/4889-31329f7675f517a5.js\",\"7025\",\"static/chunks/7025-bcf8390421c7865f.js\",\"3886\",\"static/chunks/app/srp/page-6965a3ae7ffad19e.js\"],\"default\"]\n3b:I[9633,[\"6433\",\"static/chunks/6433-2b3c1896c9922a6c.js\",\"4489\",\"static/chunks/4489-68b5cdfa7740d8d5.js\",\"2905\",\"static/chunks/2905-183edaf3c9af19f8.js\",\"433\",\"static/chunks/433-7eb6db1c4ef3a8d0.js\",\"3784\",\"static/chunks/3784-650ceecbaa85bc84.js\",\"175\",\"static/chunks/175-86b0232924e66eea.js\",\"4889\",\"static/chunks/4889-31329f7675f517a5.js\",\"7025\",\"static/chunks/7025-bcf8390421c7865f.js\",\"3886\",\"static/chunks/app/srp/page-6965a3ae7ffad19e.js\"],\"default\"]\n3c:I[50117,[\"6433\",\"static/chunks/6433-2b3c1896c9922a6c.js\",\"4489\",\"static/chunks/4489-68b5cdfa7740d8d5.js\",\"2905\",\"static/chunks/2905-183edaf3c9af19f8.js\",\"433\",\"static/chunks/433-7eb6db1c4ef3a8d0.js\",\"3784\",\"static/chunks/3784-650ceecbaa85bc84.js\",\"175\",\"static/chunks/175-86b0232924e66eea.js\",\"4889\",\"static/chunks/4889-31329f7675f517a5.js\",\"7025\",\"static/chunks/7025-bcf8390421c7865f.js\",\"3886\",\"static/chunks/app/srp/page-6965a3ae7ffad19e.js\"],\"default\"]\n3d:I[79953,[\"8908\",\"static/chunks/409ba913-2104ccd804fa0099.js\",\"6433\",\"static/chunks/6433-2b3c1896c9922a6c.js\",\"4489\",\"static/chunks/4489-68b5cdfa7740d8d5.js\",\"175\",\"static/chunks/175-86b0232924e66eea.js\",\"9894\",\"static/chunks/9894-e27a5a67c7595a74.js\",\"1150\",\"static/chunks/1150-57808d2932bc78f0.js\",\"3785\",\"static/chunks/app/srp/layout-3ccb3b94d998940d.js\"],\"ClientContextProvider\"]\n3e:I[90558,[\"8908\",\"static/chunks/409ba913-2104ccd804fa0099.js\",\"6433\",\"static/chunks/6433-2b3c1896c9922a6c.js\",\"4489\",\"static/chunks/4489-68b5cdfa7740d8d5.js\",\"175\",\"static/chunks/175-86b0232924e66eea.js\",\"9894\",\"static/chunks/9894-e27a5a67c7595a74.js\",\"1150\",\"static/chunks/1150-57"])</script><script>self.__next_f.push([1,"808d2932bc78f0.js\",\"3785\",\"static/chunks/app/srp/layout-3ccb3b94d998940d.js\"],\"AdzerkTopBanner\"]\n35:[\"$\",\"$L3a\",null,{\"data\":\"$undefined\"}]\n"])</script><script>self.__next_f.push([1,"36:[\"$\",\"$L3b\",null,{\"data\":{\"firstPageUnit\":{\"displayPageNo\":1,\"isSelected\":false,\"link\":null},\"previousPageUnit\":{\"displayPageNo\":1,\"isSelected\":false,\"link\":null},\"nextPageUnit\":{\"displayPageNo\":11,\"isSelected\":false,\"link\":null},\"lastPageUnit\":{\"displayPageNo\":27,\"isSelected\":false,\"link\":null},\"pageList\":[{\"displayPageNo\":1,\"isSelected\":true,\"link\":null},{\"displayPageNo\":2,\"isSelected\":false,\"link\":null},{\"displayPageNo\":3,\"isSelected\":false,\"link\":null},{\"displayPageNo\":4,\"isSelected\":false,\"link\":null},{\"displayPageNo\":5,\"isSelected\":false,\"link\":null},{\"displayPageNo\":6,\"isSelected\":false,\"link\":null},{\"displayPageNo\":7,\"isSelected\":false,\"link\":null},{\"displayPageNo\":8,\"isSelected\":false,\"link\":null},{\"displayPageNo\":9,\"isSelected\":false,\"link\":null},{\"displayPageNo\":10,\"isSelected\":false,\"link\":null}],\"contents\":null,\"currentPageIndex\":1,\"totalPageIndex\":27},\"listSize\":36,\"searchId\":\"1a76afe61280463\",\"page\":1,\"q\":\"유산균\"}]\n"])</script><script>self.__next_f.push([1,"37:[\"$\",\"$L3c\",null,{\"listSize\":36,\"searchId\":\"1a76afe61280463\",\"page\":1,\"q\":\"유산균\",\"channel\":\"\",\"searchCount\":212076,\"isLoyaltyMember\":false,\"rankOfCoupick\":1}]\n"])</script><script>self.__next_f.push([1,"39:[\"$\",\"$L3d\",null,{\"host\":\"www.coupang.com\",\"children\":[[\"$\",\"div\",null,{\"className\":\"coupang-top-banner fw-hidden s600:fw-block\",\"children\":[[\"$\",\"$L3e\",null,{\"data\":{\"topBannerUse\":true,\"useAdzerk\":true,\"adzerkTopBanner\":{\"css\":\"#coupang-banner span.banner-bg{background:#FFFFFF;border-bottom:1px solid #cac6c3}\",\"desc\":null,\"leftBanner\":{\"imagePath\":\"https://static.coupangcdn.com/ea/cmg_paperboy/image/1646271114206/C0-Left_basic.jpg\",\"linkInfo\":{\"link\":\"/np/campaigns/82?adType=DA\u0026eventId=46POvDJmJqrR6VLC\",\"coords\":null},\"adzerkLog\":{\"clickLogUri\":\"https://mercury.coupang.com/e.gif?r=ChA0NlBPdkRKbUpxclI2VkxDEgwxMTUuOTQuMS4yMTEYvZekgKozIAEqLDBNdHBIY3BoSDhYai95bGtvQmZBa3hzeGdDbWFVQU50RkdJeGFseDlNU3M9MgRGTEFUQhcxNzYzNjIxNTMxMjU1NDc2MjIzMzA4MlDz88QFWgVjbGlja3oDV0VCigEEbWFyc5AB4YkLmAGmGqAB8%2FPEBcIBEDFRM0pIWU4xY2MycG1JMWo%3D\u0026t=1\",\"impressionLogUri\":\"https://mercury.coupang.com/e.gif?r=ChA0NlBPdkRKbUpxclI2VkxDEgwxMTUuOTQuMS4yMTEYvZekgKozIAEqLDBNdHBIY3BoSDhYai95bGtvQmZBa3hzeGdDbWFVQU50RkdJeGFseDlNU3M9MgRGTEFUQhcxNzYzNjIxNTMxMjU1NDc2MjIzMzA4MlDz88QFWgppbXByZXNzaW9uegNXRUKKAQRtYXJzkAHhiQuYAaYaoAHz88QFwgEQMVEzSkhZTjFjYzJwbUkxag%3D%3D\u0026t=2\",\"viewImpression\":\"https://mercury.coupang.com/e.gif?r=ChA0NlBPdkRKbUpxclI2VkxDEgwxMTUuOTQuMS4yMTEYvZekgKozIAEqLDBNdHBIY3BoSDhYai95bGtvQmZBa3hzeGdDbWFVQU50RkdJeGFseDlNU3M9MgRGTEFUQhcxNzYzNjIxNTMxMjU1NDc2MjIzMzA4MlDz88QFWgR2aWV3egNXRUKKAQRtYXJzkAHhiQuYAaYaoAHz88QFwgEQMVEzSkhZTjFjYzJwbUkxag%3D%3D\u0026t=3\",\"feedsId\":\"\",\"eventId\":\"46POvDJmJqrR6VLC\"}},\"rightBanner\":{\"imagePath\":\"https://static.coupangcdn.com/va/cmg_paperboy/image/1763015970763/C0_.jpg\",\"linkInfo\":{\"link\":\"https://shop.coupang.com/A00012321/235872?source=brandstore_display_ads\u0026adType=DA\u0026eventId=7Yve7rJH3blMECpO\",\"coords\":null},\"adzerkLog\":{\"clickLogUri\":\"https://mercury.coupang.com/e.gif?r=ChA3WXZlN3JKSDNibE1FQ3BPEgwxMTUuOTQuMS4yMTEYvZekgKozIAEqLDBNdHBIY3BoSDhYai95bGtvQmZBa3hzeGdDbWFVQU50RkdJeGFseDlNU3M9MgRGTEFUQhcxNzYzNjIxNTMxMjU1NDc2MjIzMzA4MlCvg8YFWgVjbGlja3oDV0VCigEEbWFyc5AB4YkLmAGmGqABr4PGBbABgIenDsIBEDFRM0pIWU4xY2MycG1JMWo%3D\u0026t=1\",\"impressionLogUri\":\"https://mercury.coupang.com/e.gif?r=ChA3WXZlN3JKSDNibE1FQ3BPEgwxMTUuOTQuMS4yMTEYvZekgKozIAEqLDBNdHBIY3BoSDhYai95bGtvQmZBa3hzeGdDbWFVQU50RkdJeGFseDlNU3M9MgRGTEFUQhcxNzYzNjIxNTMxMjU1NDc2MjIzMzA4MlCvg8YFWgppbXByZXNzaW9uegNXRUKKAQRtYXJzkAHhiQuYAaYaoAGvg8YFsAGAh6cOwgEQMVEzSkhZTjFjYzJwbUkxag%3D%3D\u0026t=2\",\"viewImpression\":\"https://mercury.coupang.com/e.gif?r=ChA3WXZlN3JKSDNibE1FQ3BPEgwxMTUuOTQuMS4yMTEYvZekgKozIAEqLDBNdHBIY3BoSDhYai95bGtvQmZBa3hzeGdDbWFVQU50RkdJeGFseDlNU3M9MgRGTEFUQhcxNzYzNjIxNTMxMjU1NDc2MjIzMzA4MlCvg8YFWgR2aWV3egNXRUKKAQRtYXJzkAHhiQuYAaYaoAGvg8YFsAGAh6cOwgEQMVEzSkhZTjFjYzJwbUkxag%3D%3D\u0026t=3\",\"feedsId\":\"\",\"eventId\":\"7Yve7rJH3blMECpO\"}}}}}],null]}],[false,[\"$\",\"div\",null,{\"id\":\"wa-config\",\"data-currency\":\"__원\",\"data-arrow-left\":\"https://front.coupangcdn.com/front-web-next/_next/static/media/arrow_left.128503b7.png\",\"data-t\":\"{\\\"94b7db\\\":\\\"닫기\\\",\\\"ff1379\\\":\\\"삭제가 안됐나요? 다시 한번 해보세요.\\\",\\\"52624c\\\":\\\"최근본 상품이\\\",\\\"7779d6\\\":\\\"없습니다.\\\",\\\"2d47c8\\\":\\\"다시 시도해 주세요.\\\",\\\"back\\\":\\\"뒤로가기\\\",\\\"4b8d54\\\":\\\"검색\\\",\\\"990d4f\\\":\\\"마이크\\\",\\\"2bdfeb\\\":\\\"최근검색어켜기\\\",\\\"c8917d\\\":\\\"최근검색어끄기\\\",\\\"fd74f0\\\":\\\"검색어\\\",\\\"8124e8\\\":\\\"최근\\\",\\\"fc81e2\\\":\\\"삭제\\\",\\\"f3dc4f\\\":\\\"최근 검색어 저장 기능이 꺼져 있습니다.\\\",\\\"4bcb41\\\":\\\"여행/티켓\\\",\\\"0037c7\\\":\\\"테마관\\\",\\\"6e50be\\\":\\\"더보기\\\",\\\"a4b69f\\\":\\\"전체\\\"}\",\"data-search-uri\":\"/np/search\",\"data-web-domain\":\"https://www.coupang.com\",\"data-apply-app-redirection\":\"1\"}],[\"$\",\"div\",null,{\"id\":\"wa-header\",\"style\":{\"zIndex\":9960},\"className\":\"fw-font-apple-gothic fw-sticky fw-top-0 fw-bg-white s600:fw-static \",\"children\":[[\"$\",\"div\",null,{\"className\":\"fw-bg-[#f0f0f0] \",\"id\":\"wa-top-bar\",\"children\":\"$L3f\"}],\"$L40\"]}],\"$L41\",\"$L42\",\"$L43\"],[\"$L44\",\"$L45\"],\"$L46\"]}]\n"])</script><script>self.__next_f.push([1,"3f:[\"$\",\"div\",null,{\"style\":{\"maxWidth\":1300},\"className\":\"fw-m-auto fw-w-full fw-text-[11px]\",\"children\":[[\"$\",\"menu\",null,{\"className\":\"fw-relative fw-float-right *:fw-float-right *:fw-h-[33px] *:fw-pr-[12px] *:fw-pt-[10px]\",\"children\":[\"$undefined\",[\"$\",\"li\",null,{\"className\":\"fw-hidden s600:fw-block\",\"children\":[\"$\",\"a\",null,{\"href\":\"https://wing.coupang.com/tenants/vendor-signup/signup?utm_source=button_pc_coupang_app_category_3\u0026utm_medium=non_paid\u0026utm_id=onsite_ca\u0026utm_content=20240328\",\"children\":\"판매자 가입\"}]}],[\"$\",\"li\",null,{\"className\":\"cs-center fw-group fw-relative\",\"children\":[[\"$\",\"a\",null,{\"href\":\"https://mc.coupang.com/ssr/desktop/contact/faq\",\"data-log\":\"{ id: 'customer_center'}\",\"children\":\"고객센터\"}],[\"$\",\"p\",null,{\"className\":\"fw-hidden group-hover:fw-block\",\"style\":{\"zIndex\":9999},\"children\":[[\"$\",\"a\",null,{\"href\":\"https://mc.coupang.com/ssr/desktop/contact/faq\",\"data-log\":\"{ id:'customer_center_1' }\",\"children\":\"자주묻는 질문\"}],[\"$\",\"a\",null,{\"href\":\"https://mc.coupang.com/ssr/desktop/contact/inquiry\",\"data-log\":\"{ id:'customer_center_3' }\",\"children\":\"1:1 채팅문의\"}],[\"$\",\"a\",null,{\"href\":\"https://mc.coupang.com/ssr/desktop/contact/voc\",\"data-log\":\"{ id:'customer_center_2' }\",\"children\":\"고객의 소리\"}],[\"$\",\"a\",null,{\"href\":\"https://www.coupang.com/returnPolicy.pang\",\"data-log\":\"{ id:'customer_center_4' }\",\"children\":\"취소 / 반품 안내\"}]]}]]}],[[\"$\",\"li\",null,{\"children\":[\"$\",\"a\",null,{\"href\":\"https://login.coupang.com/login/memberJoinFrm.pang\",\"title\":\"회원가입\",\"children\":\"회원가입\"}]}],[\"$\",\"li\",null,{\"children\":[\"$\",\"a\",null,{\"href\":\"https://login.coupang.com/login/login.pang?rtnUrl=https%3A%2F%2Fwww.coupang.com%2Fnp%2Fpost%2Flogin%3Fr%3Dhttp%253A%252F%252Fwww.coupang.com%252Fnp%252Fsearch%253Fq%253D%2525EC%25259C%2525A0%2525EC%252582%2525B0%2525EA%2525B7%2525A0%2526page%253D1%2526sorter%253DsaleCountDesc\",\"title\":\"로그인\",\"children\":\"로그인\"}]}]]]}],[\"$\",\"menu\",null,{\"id\":\"subscribeHeader\",\"className\":\"fw-hidden s600:fw-block\",\"children\":[[\"$\",\"li\",null,{\"className\":\"new-header\",\"children\":[\"$\",\"a\",null,{\"id\":\"wa-bookmark\",\"data-msg\":\"Command+D 키를 누르면 즐겨찾기에 추가하실 수 있습니다.\",\"className\":\"bookmark\",\"data-log\":\"{ id: \\\"add_to_favorites\\\" }\",\"children\":\"즐겨찾기\"}]}],[\"$\",\"li\",null,{\"className\":\"vendor-join\",\"children\":[[\"$\",\"a\",null,{\"className\":\"dropdown_menu_flag\",\"children\":[\"입점신청\",[\"$\",\"i\",null,{\"className\":\"ic\"}]]}],[\"$\",\"p\",null,{\"className\":\"vendor-join-menu fw-hidden\",\"style\":{\"zIndex\":9999},\"children\":[[\"$\",\"a\",null,{\"href\":\"https://marketplace.coupangcorp.com/s/?utm_source=button_pc\u0026utm_medium=non_paid\u0026utm_campaign=onsite_ca\u0026utm_id=coupang_app\",\"data-log\":\"{ id:'seller_page' }\",\"target\":\"_blank\",\"children\":\"오픈마켓\"}],[\"$\",\"a\",null,{\"href\":\"https://with.coupang.com/contract/initialize\",\"data-log\":\"{ id:'travel_seller_page' }\",\"target\":\"_blank\",\"children\":\"여행·티켓\"}],[\"$\",\"a\",null,{\"href\":\"https://supplier.coupang.com/welcome/join\",\"data-log\":\"{ id:'rocket_seller_page' }\",\"target\":\"_blank\",\"children\":\"로켓배송\"}],[\"$\",\"a\",null,{\"href\":\"https://partners.coupang.com\",\"data-log\":\"{ id:'affiliate_marketing_page' }\",\"target\":\"_blank\",\"children\":\"제휴마케팅\"}],[\"$\",\"a\",null,{\"href\":\"https://sell.coupang.com?utm_source=web_button_pc_rg\u0026utm_medium=referral\u0026utm_campaign=onsite_lead\u0026utm_id=coupang_web?inflow=WEB_HEADER_B\",\"data-log\":\"{ id:'rocketGrowth' }\",\"target\":\"_blank\",\"children\":\"로켓그로스\"}]]}]]}]]}],[\"$\",\"div\",null,{\"className\":\"fw-invisible fw-clear-both fw-h-[0px]\",\"children\":\".\"}]]}]\n"])</script><script>self.__next_f.push([1,"40:[\"$\",\"div\",null,{\"children\":[[\"$\",\"select\",null,{\"id\":\"wa-category-select\",\"defaultValue\":\"$undefined\",\"name\":\"component\",\"className\":\"searchCategories search_category_filter fw-hidden\",\"children\":[[\"$\",\"option\",null,{\"value\":\"\",\"data-text\":\"전체\",\"children\":\"전체\"}],[]]}],[\"$\",\"div\",null,{\"style\":{\"maxWidth\":1300},\"className\":\"fw-mx-auto fw-flex fw-w-full fw-items-center fw-pr-[5px] max-s1024:rlux:fw-bg-[#131516]\",\"children\":[[\"$\",\"div\",null,{\"id\":\"wa-category\",\"className\":\"fw-relative fw-flex fw-h-[48px] fw-w-[48px] fw-cursor-pointer fw-flex-col fw-items-center fw-justify-center fw-bg-[#346aff] rlux:fw-bg-[#131516] s1024:fw-h-[119px] s1024:fw-w-[110px]\",\"children\":[[\"$\",\"div\",null,{\"className\":\"fw-flex fw-h-[24px] fw-w-[24px] fw-flex-col fw-items-center fw-justify-around s1024:fw-h-[28px] s1024:fw-w-[28px]\",\"children\":[[\"$\",\"div\",null,{\"className\":\"fw-h-[1px] fw-w-full fw-bg-white s1024:fw-h-[4px]\"}],[\"$\",\"div\",null,{\"className\":\"fw-h-[1px] fw-w-full fw-bg-white s1024:fw-h-[4px]\"}],[\"$\",\"div\",null,{\"className\":\"fw-h-[1px] fw-w-full fw-bg-white s1024:fw-h-[4px]\"}]]}],[\"$\",\"div\",null,{\"className\":\"fw-mt-[15px] fw-hidden fw-text-center fw-text-[13px] fw-font-normal fw-leading-none fw-text-white s1024:fw-block\",\"children\":\"카테고리\"}],[[\"$\",\"div\",null,{\"className\":\"category-layer\",\"id\":\"wa-pc-category\",\"data-icons\":\"https://front.coupangcdn.com/front-web-next/_next/static/media/icons.03b3790b.png\",\"style\":{\"zIndex\":9999},\"children\":[[\"$\",\"div\",null,{\"className\":\"fw-hidden\",\"children\":\"쇼핑\"}],false,[\"$\",\"ul\",null,{\"className\":\"menu shopping-menu-list fd\",\"children\":\"$undefined\"}],[\"$\",\"div\",null,{\"className\":\"fw-hidden\",\"children\":\"티켓\"}],[\"$\",\"ul\",null,{\"className\":\"menu ticket-menu-list fd\",\"children\":[null,\"$undefined\"]}],[\"$\",\"div\",null,{\"className\":\"fw-hidden\",\"children\":\"테마관\"}],[\"$\",\"ul\",null,{\"className\":\"menu theme-menu-list menu-divider fd fw-hidden\",\"children\":null}],[\"$\",\"ul\",null,{\"className\":\"menu ingress-menu-list fd\",\"children\":[\"$\",\"li\",null,{\"className\":\"ingress-point\",\"children\":[\"$\",\"a\",null,{\"href\":\"https://wing.coupang.com/tenants/vendor-signup/signup?utm_source=button_pc_coupang_app_category_3\u0026utm_medium=non_paid\u0026utm_id=onsite_ca\u0026utm_content=20240328\",\"data-el\":\"seller_signup\",\"data-text\":\"입점/판매 신청\",\"children\":\"입점/판매 신청\"}]}]}],null,[\"$\",\"div\",null,{\"className\":\"loader-wrapper\",\"children\":[\"$\",\"span\",null,{\"className\":\"loader\"}]}]]}],[\"$\",\"div\",null,{\"className\":\"fw-absolute fw-left-0 fw-top-[114px] fw-z-10 fw-hidden fw-w-[220px] fw-overflow-auto fw-bg-white fw-shadow-md\",\"id\":\"wa-mobile-category\",\"style\":{\"zIndex\":9999},\"children\":[[\"$\",\"div\",null,{\"id\":\"wa-mobile-category-language\"}],[\"$\",\"div\",null,{\"id\":\"wa-category-list-wrap\"}],[\"$\",\"div\",null,{\"id\":\"wa-mobile-category-app-links\"}],[\"$\",\"div\",null,{\"className\":\"loader-wrapper\",\"children\":[\"$\",\"span\",null,{\"className\":\"loader\"}]}]]}]]]}],[\"$\",\"div\",null,{\"className\":\"fw-flex fw-flex-1 fw-flex-col max-s1024:fw-h-[48px]\",\"children\":[[\"$\",\"div\",null,{\"className\":\"fw-ml-[16px] fw-flex fw-items-center fw-justify-between max-s1024:fw-h-[48px] s1024:fw-ml-[30px] s1024:fw-mt-[20px]\",\"children\":[[\"$\",\"a\",null,{\"href\":\"https://www.coupang.com\",\"className\":\"fw-mr-[25px] fw-inline-block fw-flex-none\",\"children\":[\"$\",\"img\",null,{\"loading\":\"lazy\",\"className\":\"fw-h-[23px] fw-w-[101px] s1024:fw-h-[36px] s1024:fw-w-[154px]\",\"src\":\"//image7.coupangcdn.com/image/coupang/common/logo_coupang_w350.png\",\"alt\":\"Coupang\"}]}],[\"$\",\"form\",null,{\"id\":\"wa-search-form\",\"action\":\"/np/search\",\"className\":\"product-search search-form fw-flex fw-flex-1 fw-items-center fw-border-0 fw-hidden s1024:fw-flex fw-border-2 rlux:fw-border-bluegray-1000\",\"children\":[[\"$\",\"div\",null,{\"className\":\"select--category fw-w-[90px] s500:fw-w-[135px]\",\"children\":[[\"$\",\"span\",null,{\"className\":\"select--category--button\"}],[\"$\",\"a\",null,{\"className\":\"select--category__current rlux:fw-text-bluegray-800\",\"id\":\"currentCategoryText\",\"children\":\"전체\"}]]}],[\"$\",\"div\",null,{\"className\":\"header-searchForm fw-relative fw-flex-1\",\"children\":[[\"$\",\"input\",null,{\"type\":\"text\",\"defaultValue\":\"유산균\",\"maxLength\":49,\"placeholder\":\"찾고 싶은 상품을 검색해보세요!\",\"className\":\"headerSearchKeyword coupang-search fw-h-full fw-w-full fw-bg-white fw-indent-[10px] fw-text-[14px] fw-outline-none rlux:fw-text-bluegray-1000 rlux:placeholder:fw-text-bluegray-800\",\"name\":\"q\",\"title\":\"쿠팡 상품 검색\",\"autoComplete\":\"off\"}],\"$L47\",\"$L48\"]}],\"$L49\",\"$L4a\",\"$L4b\"]}],\"$L4c\"]}],\"$L4d\"]}]]}],\"$L4e\",\"$L4f\"]}]\n"])</script><script>self.__next_f.push([1,"41:[\"$\",\"div\",null,{\"className\":\"fw-relative\",\"children\":[\"$\",\"article\",null,{\"id\":\"wa-sidebar\",\"style\":{\"zIndex\":9900},\"className\":\"fw-absolute fw-hidden srp-sidebar fw-top-[50px] s1024:fw-hidden s1300:fw-block\",\"children\":[null,[\"$\",\"div\",null,{\"className\":\"ads-line-banner-container\",\"children\":[\"$\",\"div\",null,{\"className\":\"ads-line-banner-main\",\"children\":[\"$\",\"div\",null,{\"children\":[\"$\",\"a\",null,{\"href\":\"/vp/products/7257246284?itemId=18475867677\u0026vendorItemId=85615809107\u0026sourceType=srp_top_banner_ads\u0026clickEventId=752ec8d0-c5dd-11f0-a1d5-98b7952ed123\u0026korePlacement=19\",\"className\":\"ads-line-banner-link\",\"data-apply-srp-hover-event\":\"$undefined\",\"data-widget-type\":\"ADZERK_KEYWORD\",\"data-vendor-item-id\":85615809107,\"data-product-id\":7257246284,\"data-item-id\":18475867677,\"data-adsplatform\":\"{\\\"clickLogUri\\\":\\\"https://mercury.coupang.com/e.gif?r=752ec8d0-c5dd-11f0-a1d5-98b7952ed123%7E3\u0026korePlacement=19\\\",\\\"impressionLogUri\\\":\\\"https://mercury.coupang.com/e.gif?r=752ec8d0-c5dd-11f0-a1d5-98b7952ed123%7E1\u0026korePlacement=19\\\",\\\"viewImpression\\\":\\\"https://mercury.coupang.com/e.gif?r=752ec8d0-c5dd-11f0-a1d5-98b7952ed123%7E2\u0026korePlacement=19\\\"}\",\"data-weblog\":\"{\\\"sourceType\\\": \\\"srp_top_banner\\\"}\",\"children\":[[\"$\",\"div\",null,{\"className\":\"ads-line-banner-product\",\"children\":[null,[\"$\",\"div\",null,{\"className\":\"image\",\"children\":[\"$\",\"img\",null,{\"loading\":\"lazy\",\"src\":\"//thumbnail.coupangcdn.com/thumbnails/remote/292x292ex/image/vendor_inventory/57cf/3294899bc221169ce7183bcdff2e751945142cd64c2ae17ec263e82607f7.jpg\",\"alt\":\"\"}]}],[\"$\",\"div\",null,{\"className\":\"title\",\"children\":\"비오비타 패밀리 미니정제 유산균, 84정, 1개\"}],[\"$\",\"div\",null,{\"className\":\"badge-wrap\",\"children\":[\"$\",\"img\",null,{\"loading\":\"lazy\",\"className\":\"badge type-ROCKET\",\"src\":\"https://image.coupangcdn.com/image/coupang/rds/logo/xxxhdpi/logo_rocket_filter_medium.png\",\"alt\":\"\"}]}],null,[\"$\",\"div\",null,{\"className\":\"review-bg\",\"children\":[\"$\",\"div\",null,{\"className\":\"review\",\"style\":{\"width\":\"100%\"}}]}],[\"$\",\"div\",null,{\"className\":\"ads-badge\",\"children\":[[\"$\",\"span\",null,{\"className\":\"ads-badge-text\",\"children\":\"광고\"}],[\"$\",\"span\",null,{\"className\":\"ads-badge-icon\"}]]}]]}],[\"$\",\"div\",null,{\"className\":\"ads-line-banner-button\",\"children\":\"더 알아보기\"}]]}]}]}]}],false,[\"$\",\"section\",null,{\"id\":\"wa-recent-view\",\"data-fodium\":\"//reco.coupang.com\",\"children\":[[\"$\",\"div\",null,{\"className\":\"side-cart\",\"children\":[\"$\",\"a\",null,{\"href\":\"//cart.coupang.com/cartView.pang\",\"data-log\":\"{\\\"logCategory\\\":\\\"event\\\", \\\"logType\\\":\\\"click\\\", \\\"logLabel\\\":\\\"cart\\\",\\\"grp\\\":\\\"sideBar\\\"}\",\"children\":[[\"$\",\"span\",null,{\"className\":\"fw-inline-block fw-text-[11px] fw-leading-[13px]\",\"children\":\"장바구니\"}],[\"$\",\"em\",null,{\"className\":\"cart-count\"}]]}]}],[\"$\",\"div\",null,{\"className\":\"recently-viewed-products\",\"children\":[[\"$\",\"span\",null,{\"className\":\"fw-inline-block fw-text-[11px] fw-leading-[13px]\",\"children\":\"최근본상품\"}],[\"$\",\"em\",null,{\"className\":\"total-element\"}]]}],[\"$\",\"div\",null,{\"className\":\"recently-viewed-list\",\"children\":[[\"$\",\"ul\",null,{\"className\":\"recently-viewed-page\"}],[\"$\",\"p\",null,{\"className\":\"recent-viewed-paging\",\"children\":[[\"$\",\"span\",null,{\"className\":\"counter\",\"children\":[[\"$\",\"strong\",null,{\"className\":\"pageNumber\"}],\"/\",[\"$\",\"em\",null,{\"className\":\"total-pages\"}]]}],[\"$\",\"span\",null,{\"className\":\"recentlyViewedBtn\",\"children\":[[\"$\",\"a\",null,{\"href\":\"이전 페이지 보기\",\"className\":\"move prev\",\"children\":\"prev\"}],[\"$\",\"a\",null,{\"href\":\"다음 페이지 보기\",\"className\":\"move next\",\"children\":\"next\"}]]}]]}]]}]]}]]}]}]\n"])</script><script>self.__next_f.push([1,"42:[\"$\",\"div\",null,{\"id\":\"wa-goto-top\",\"style\":{\"zIndex\":9950},\"className\":\"!fw-bottom-[85px] fixed\",\"children\":[\"$\",\"button\",null,{\"className\":\"goto-top__button\",\"children\":[\"$\",\"i\",null,{\"className\":\"goto-top__arrow\"}]}]}]\n43:[\"$\",\"div\",null,{\"id\":\"wa-banners\"}]\n45:[\"$\",\"$L2\",null,{\"parallelRouterKey\":\"children\",\"error\":\"$undefined\",\"errorStyles\":\"$undefined\",\"errorScripts\":\"$undefined\",\"template\":[\"$\",\"$L3\",null,{}],\"templateStyles\":\"$undefined\",\"templateScripts\":\"$undefined\",\"notFound\":\"$undefined\",\"forbidden\":\"$undefined\",\"unauthorized\":\"$undefined\"}]\n"])</script><script>self.__next_f.push([1,"46:[[\"$\",\"footer\",null,{\"id\":\"wa-footer\",\"children\":[[\"$\",\"div\",null,{\"className\":\"footer-layer1 is-narrowed fw-flex fw-items-center fw-justify-center max-s768:fw-flex-col\",\"style\":{\"justifyContent\":\"center\"},\"children\":[[\"$\",\"div\",null,{\"className\":\"fw-flex fw-flex-wrap\",\"children\":[[\"$\",\"a\",null,{\"href\":\"https://news.coupang.com/\",\"target\":\"_blank\",\"children\":\"회사소개\"}],[\"$\",\"a\",null,{\"href\":\"https://ir.aboutcoupang.com/overview/default.aspx\",\"target\":\"_blank\",\"children\":\"Investor Relations\"}],[\"$\",\"a\",null,{\"href\":\"https://rocketyourcareer.kr.coupang.com\",\"target\":\"_blank\",\"children\":\"인재채용\"}],[\"$\",\"a\",null,{\"href\":\"https://marketplace.coupangcorp.com/s/?utm_source=button_pc\u0026utm_medium=non_paid\u0026utm_campaign=onsite_ca\u0026utm_id=coupang_app?inflow=WEB_FOOTER_B\",\"children\":\"입점/제휴문의\"}],[\"$\",\"a\",null,{\"href\":\"https://mc.coupang.com/ssr/desktop/contact/notice\",\"children\":[\" \",\"공지사항\"]}],[\"$\",\"a\",null,{\"href\":\"https://mc.coupang.com/ssr/desktop/contact/voc\",\"children\":[\" \",\"고객의 소리\"]}],[\"$\",\"a\",null,{\"href\":\"https://www.coupang.com/np/policies/terms\",\"children\":[\" \",\"이용약관\"]}],[\"$\",\"a\",null,{\"href\":\"https://privacy.coupang.com/ko/center/coupang\",\"children\":[\" \",[\"$\",\"strong\",\"strong1\",{\"children\":[\"개인정보 처리방침\"]}]]}],[\"$\",\"a\",null,{\"href\":\"https://privacy.coupang.com/ko/security/status\",\"children\":\"정보보호/개인정보보호 인증\"}],[\"$\",\"a\",null,{\"href\":\"https://rocketpay.coupang.com/rocketpay/operationTerms/coupangPcFooter\",\"children\":\"쿠팡페이 이용약관\"}],[\"$\",\"a\",null,{\"href\":\"https://www.coupang.com/np/safety\",\"children\":[\" \",\"신뢰관리센터\"]}],[\"$\",\"a\",null,{\"href\":\"https://partners.coupang.com/\",\"target\":\"_blank\",\"children\":\"제휴마케팅\"}],[\"$\",\"a\",null,{\"href\":\"https://ads.coupang.com\",\"target\":\"_blank\",\"children\":\"광고안내\"}]]}],[\"$\",\"div\",null,{\"className\":\"fw-inline-block max-s768:fw-mx-[16px] max-s768:fw-mt-[15px] max-s768:fw-block max-s768:fw-w-full\",\"children\":[\"$\",\"div\",null,{\"id\":\"site-picker\",\"className\":\"site-picker fw-w-[180px] max-s768:fw-w-auto\",\"children\":[[\"$\",\"span\",null,{\"id\":\"site-picker-select\",\"className\":\"site-picker-label fw-w-full\",\"children\":[[\"$\",\"p\",null,{\"children\":\"Global Site\"}],\" \",[\"$\",\"span\",null,{\"className\":\"site-picker__arrow\"}]]}],[\"$\",\"ul\",null,{\"style\":{\"zIndex\":9999},\"children\":[\"$\",\"li\",null,{\"children\":[\"$\",\"a\",null,{\"href\":\"https://www.tw.coupang.com\",\"children\":\"Coupang Taiwan 酷澎台灣\"}]}]}]]}]}]]}],[\"$\",\"div\",null,{\"className\":\"footer-layer2 fw-flex fw-max-w-[768px] fw-justify-between fw-p-[16px] max-s768:fw-flex-col max-s768:fw-gap-[32px] max-s768:fw-px-[15px]\",\"children\":[[\"$\",\"address\",null,{\"className\":\"fw-flex fw-gap-[24px] max-s768:fw-flex-col\",\"children\":[[\"$\",\"a\",null,{\"className\":\"logo fw-opacity-50\",\"href\":\"https://www.coupang.com/\",\"title\":\"COUPANG\",\"children\":[\"$\",\"img\",null,{\"src\":\"https://front.coupangcdn.com/front-web-next/_next/static/media/logo.f2c4ccb2.png\",\"alt\":\"\",\"loading\":\"lazy\"}]}],[\"$\",\"div\",null,{\"children\":[[\"상호명 및 호스팅 서비스 제공 : 쿠팡(주)                \",[\"$\",\"br\",\"br1\",{}],\" 대표이사 : 박대준                \",[\"$\",\"br\",\"br2\",{}],\" 서울시 송파구 송파대로 570 \",[\"$\",\"br\",\"br3\",{}],\" 사업자 등록번호 : 120-88-00767 \",[\"$\",\"br\",\"br4\",{}],\"                통신판매업신고 : 2017-서울송파-0680                \",[\"$\",\"br\",\"br5\",{}]],[\"$\",\"a\",\"a\",{\"href\":\"http://www.ftc.go.kr/info/bizinfo/communicationViewPopup.jsp?wrkr_no=1208800767\",\"target\":\"_blank\",\"className\":\"licensee\",\"children\":\"사업자정보 확인 \u003e\"}]]}]]}],[\"$\",\"div\",null,{\"className\":\"contact-info\",\"children\":[\"$\",\"a\",null,{\"href\":\"https://mc.coupang.com/ssr/desktop/contact/inquiry\",\"className\":\"call-center\",\"children\":[\" \",[\"$\",\"strong\",\"strong1\",{\"children\":[\"365고객센터\"]}],\" | 전자금융거래분쟁처리담당              \",[\"$\",\"br\",\"br1\",{}],\" \",[\"$\",\"em\",\"em1\",{\"children\":[\"1577-7011 (유료)\"]}],\" 서울시 송파구 송파대로 570              \",[\"$\",\"br\",\"br2\",{}],\"              \",[\"$\",\"span\",\"fax1\",{\"className\":\"contact-fax\",\"children\":[\"email : help@coupang.com\"]}]]}]}],[\"$\",\"p\",null,{\"className\":\"safe-service\",\"children\":[[[\"$\",\"strong\",\"strong1\",{\"children\":[\"채무지급보증 안내\"]}],\"            \",[\"$\",\"br\",\"br1\",{}],\"            \",[\"$\",\"span\",\"span1\",{\"children\":[\"              당사는 고객님이 현금 결제한 금액에 대해              \",[\"$\",\"br\",\"br2\",{}],\" 채무지급보증 계약을 체결하여              \",[\"$\",\"br\",\"br3\",{}],\" 안전거래를 보장하고 있습니다.              \",[\"$\",\"br\",\"br4\",{}],\"            \"]}]],[\"$\",\"a\",null,{\"href\":\"https://www.coupang.com/np/etc/popWooriService\",\"target\":\"_blank\",\"className\":\"service-check fw-cursor-pointer\",\"children\":\"서비스 가입사실 확인 \u003e\"}]]}]]}],\"$L50\",\"$L51\",\"$L52\"]}],\"$L53\",[\"$L54\"]]\n"])</script><script>self.__next_f.push([1,"5f:I[37073,[\"6433\",\"static/chunks/6433-2b3c1896c9922a6c.js\",\"4489\",\"static/chunks/4489-68b5cdfa7740d8d5.js\",\"2905\",\"static/chunks/2905-183edaf3c9af19f8.js\",\"433\",\"static/chunks/433-7eb6db1c4ef3a8d0.js\",\"3784\",\"static/chunks/3784-650ceecbaa85bc84.js\",\"175\",\"static/chunks/175-86b0232924e66eea.js\",\"4889\",\"static/chunks/4889-31329f7675f517a5.js\",\"7025\",\"static/chunks/7025-bcf8390421c7865f.js\",\"3886\",\"static/chunks/app/srp/page-6965a3ae7ffad19e.js\"],\"RelatedKeywordLinks\"]\n6a:I[43412,[\"8908\",\"static/chunks/409ba913-2104ccd804fa0099.js\",\"6433\",\"static/chunks/6433-2b3c1896c9922a6c.js\",\"4489\",\"static/chunks/4489-68b5cdfa7740d8d5.js\",\"175\",\"static/chunks/175-86b0232924e66eea.js\",\"9894\",\"static/chunks/9894-e27a5a67c7595a74.js\",\"1150\",\"static/chunks/1150-57808d2932bc78f0.js\",\"3785\",\"static/chunks/app/srp/layout-3ccb3b94d998940d.js\"],\"\"]\n6b:I[32145,[\"8908\",\"static/chunks/409ba913-2104ccd804fa0099.js\",\"6433\",\"static/chunks/6433-2b3c1896c9922a6c.js\",\"4489\",\"static/chunks/4489-68b5cdfa7740d8d5.js\",\"175\",\"static/chunks/175-86b0232924e66eea.js\",\"9894\",\"static/chunks/9894-e27a5a67c7595a74.js\",\"1150\",\"static/chunks/1150-57808d2932bc78f0.js\",\"3785\",\"static/chunks/app/srp/layout-3ccb3b94d998940d.js\"],\"StickSearchClient\"]\n47:[\"$\",\"input\",null,{\"type\":\"hidden\",\"name\":\"traceId\"}]\n48:[\"$\",\"div\",null,{\"className\":\"headerPopupWords popularity-words\",\"style\":{\"zIndex\":9999},\"children\":[[\"$\",\"div\",null,{\"className\":\"autocomplete_wrap\"}],[\"$\",\"div\",null,{\"className\":\"history-btns\",\"children\":[[\"$\",\"span\",null,{\"className\":\"delete-all-kwdhistory del-button\",\"children\":\"전체삭제\"}],[\"$\",\"span\",null,{\"className\":\"history-on-off on\",\"children\":\"최근검색어끄기\"}]]}]]}]\n49:[\"$\",\"a\",null,{\"className\":\"speech-mic fw-mr-[12px] fw-hidden fw-flex-none fw-cursor-pointer\"}]\n4a:[\"$\",\"button\",null,{\"type\":\"submit\",\"className\":\"headerSearchBtn fw-mr-[12px] fw-inline-block fw-flex-none\",\"title\":\"검색\",\"children\":[\"$\",\"img\",null,{\"loading\":\"lazy\",\"alt\":\"\",\"width\":20,\"height\":21,\"src\":\"https://front.coupangcdn.com/front-web-next/_next/static/media/s"])</script><script>self.__next_f.push([1,"earch.85cd3dbf.png\"}]}]\n4b:[\"$\",\"input\",null,{\"type\":\"hidden\",\"name\":\"channel\",\"value\":\"user\"}]\n"])</script><script>self.__next_f.push([1,"4c:[\"$\",\"ul\",null,{\"className\":\"icon-menus fw-flex\",\"children\":[[\"$\",\"li\",null,{\"className\":\"my-coupang fw-group fw-relative fw-mx-[24px] fw-flex fw-items-center\",\"children\":[[\"$\",\"a\",null,{\"id\":\"wa-mycoupang-link\",\"href\":\"https://mc.coupang.com/ssr/desktop/order/list\",\"data-log\":\"{ id: 'mycoupang'}\",\"children\":[[\"$\",\"img\",null,{\"loading\":\"lazy\",\"alt\":\"\",\"className\":\"fw-h-[36px] fw-w-[36px] s1024:fw-h-[44px] s1024:fw-w-[44px]\",\"src\":\"https://front.coupangcdn.com/front-web-next/_next/static/media/person.07e45e52.png\"}],[\"$\",\"div\",null,{\"className\":\"fw-hidden fw-text-center s1024:fw-block\",\"children\":\"마이쿠팡\"}]]}],[\"$\",\"p\",null,{\"className\":\"my-coupang-menu fw-top-[29px] fw-hidden group-hover:fw-block s1024:fw-top-[52px]\",\"style\":{\"zIndex\":9999},\"children\":[\"$\",\"span\",null,{\"className\":\"wrapper\",\"children\":[[\"$\",\"i\",null,{\"className\":\"arrow\"}],[\"$\",\"a\",null,{\"href\":\"https://mc.coupang.com/ssr/desktop/order/list\",\"data-log\":\"{ id: 'mycoupang_1'}\",\"children\":\"주문목록\"}],[\"$\",\"a\",null,{\"href\":\"https://mc.coupang.com/ssr/desktop/cancel-return-exchange/list\",\"data-log\":\"{ id: 'mycoupang_2'}\",\"children\":\"취소/반품\"}],[\"$\",\"a\",null,{\"href\":\"//wish-web.coupang.com/wishInitView.pang\",\"data-log\":\"{ id: 'mycoupang_4'}\",\"children\":\"찜 리스트\"}]]}]}]]}],[\"$\",\"li\",null,{\"className\":\"cart w-mr-0 fw-relative fw-flex s1024:fw-mr-[10px]\",\"id\":\"wa-cart-menu\",\"children\":[[\"$\",\"a\",null,{\"id\":\"wa-cart-link\",\"href\":\"//cart.coupang.com/cartView.pang\",\"data-log\":\"{ id: 'cart' }\",\"children\":[[\"$\",\"img\",null,{\"loading\":\"lazy\",\"src\":\"https://front.coupangcdn.com/front-web-next/_next/static/media/cart.ccef8f9e.png\",\"className\":\"fw-h-[36px] fw-w-[36px] s1024:fw-h-[44px] s1024:fw-w-[44px]\",\"alt\":\"\"}],[\"$\",\"em\",null,{\"id\":\"headerCartCount\",\"className\":\"fw-right-[-4px] fw-top-[-4px]\"}],[\"$\",\"div\",null,{\"className\":\"fw-hidden fw-text-center s1024:fw-block\",\"children\":\"장바구니\"}]]}],[\"$\",\"div\",null,{\"className\":\"fw-top-[29px] fw-hidden s1024:fw-top-[52px]\",\"style\":{\"zIndex\":9999},\"id\":\"wa-cart-preview\",\"children\":[\"$\",\"span\",null,{\"className\":\"wrapper\",\"children\":[[\"$\",\"i\",null,{\"className\":\"arrow\"}],[\"$\",\"div\",null,{\"id\":\"wa-cart-content\",\"children\":[\"$\",\"div\",null,{\"className\":\"loader-wrapper\",\"children\":[\"$\",\"span\",null,{\"className\":\"loader\"}]}]}],[\"$\",\"div\",null,{\"id\":\"wa-cart-empty\",\"children\":[\"$\",\"ul\",null,{\"children\":[\"$\",\"li\",null,{\"className\":\"empty-cart\",\"children\":\"장바구니에 담긴 상품이 없습니다.\"}]}]}],[\"$\",\"a\",null,{\"href\":\"//cart.coupang.com/cartView.pang\",\"id\":\"wa-cart-btn\",\"children\":[\"$\",\"span\",null,{\"children\":[[\"$\",\"span\",null,{\"children\":\"장바구니 전체보기\"}],[\"$\",\"i\",null,{\"className\":\"blue-arrow\"}]]}]}]]}]}]]}]]}]\n"])</script><script>self.__next_f.push([1,"4d:[\"$\",\"div\",null,{\"className\":\"fw-mt-[8px] fw-hidden fw-items-center fw-justify-between s1024:fw-flex\",\"children\":[\"$\",\"div\",null,{\"id\":\"quick-category-pc\",\"className\":\" gnb-menu-container fw-hidden fw-pl-[20px] s600:fw-block\",\"children\":[[\"$\",\"a\",null,{\"className\":\"gnb-menu-btn gnb-menu-btn-left\",\"tabIndex\":0,\"children\":[\"$\",\"span\",null,{}]}],[\"$\",\"div\",null,{\"className\":\"fw-w-0\",\"children\":[\"$\",\"ul\",null,{\"className\":\"gnb-menu-scroll\",\"children\":[[\"$\",\"li\",\"0\",{\"className\":\"gnb-menu-item\",\"children\":[\"$\",\"a\",null,{\"href\":\"https://www.coupangplay.com/catalog\",\"className\":\"\",\"data-log\":\"{ id:'gnb_menu_item_GNB_V2', param:{sectionId:'coupangplay'} }\",\"target\":\"_blank\",\"children\":[[\"$\",\"img\",null,{\"loading\":\"lazy\",\"className\":\"gnb-menu-item__icon\",\"alt\":\"쿠팡플레이\",\"src\":\"https://image.coupangcdn.com/image/coupang/home/icons/web/kr/coupang-play.png\"}],[\"$\",\"span\",null,{\"children\":\"쿠팡플레이\"}],null]}]}],[\"$\",\"li\",\"1\",{\"className\":\"gnb-menu-item\",\"children\":[\"$\",\"a\",null,{\"href\":\"https://www.coupang.com/np/campaigns/82\",\"className\":\"\",\"data-log\":\"{ id:'gnb_menu_item_GNB_V2', param:{sectionId:'rocketdelivery'} }\",\"children\":[[\"$\",\"img\",null,{\"loading\":\"lazy\",\"className\":\"gnb-menu-item__icon\",\"alt\":\"로켓배송\",\"src\":\"https://image.coupangcdn.com/image/coupang/home/icons/web/kr/rocket-delivery.png\"}],[\"$\",\"span\",null,{\"children\":\"로켓배송\"}],null]}]}],[\"$\",\"li\",\"2\",{\"className\":\"gnb-menu-item\",\"children\":[\"$\",\"a\",null,{\"href\":\"https://www.coupang.com/np/categories/393760\",\"className\":\"\",\"data-log\":\"{ id:'gnb_menu_item_GNB_V2', param:{sectionId:'rocketfresh'} }\",\"children\":[[\"$\",\"img\",null,{\"loading\":\"lazy\",\"className\":\"gnb-menu-item__icon\",\"alt\":\"로켓프레시\",\"src\":\"https://image.coupangcdn.com/image/coupang/home/icons/web/kr/rocket-fresh.png\"}],[\"$\",\"span\",null,{\"children\":\"로켓프레시\"}],null]}]}],[\"$\",\"li\",\"3\",{\"className\":\"gnb-menu-item\",\"children\":[\"$\",\"a\",null,{\"href\":\"https://www.coupang.com/np/fbi?sourceType=home_section_fbi\",\"className\":\"\",\"data-log\":\"{ id:'gnb_menu_item_GNB_V2', param:{sectionId:'frequent_buy_item'} }\",\"children\":[[\"$\",\"img\",null,{\"loading\":\"lazy\",\"className\":\"gnb-menu-item__icon\",\"alt\":\"다시 구매\",\"src\":\"https://image.coupangcdn.com/image/coupang/common/fbi_icon_3x.png\"}],[\"$\",\"span\",null,{\"children\":\"다시 구매\"}],[\"$\",\"i\",null,{\"className\":\"in in-exposure\",\"data-new-tag-exposure-mills\":2592000000}]]}]}],[\"$\",\"li\",\"4\",{\"className\":\"gnb-menu-item\",\"children\":[\"$\",\"a\",null,{\"href\":\"https://login.coupang.com/corporation/member/landing-page\",\"className\":\"\",\"data-log\":\"{ id:'gnb_menu_item_GNB_V2', param:{sectionId:'businessmall_landing'} }\",\"children\":[[\"$\",\"img\",null,{\"loading\":\"lazy\",\"className\":\"gnb-menu-item__icon\",\"alt\":\"쿠팡비즈\",\"src\":\"https://image.coupangcdn.com/image/coupang/home/icons/web/kr/biz.png\"}],[\"$\",\"span\",null,{\"children\":\"쿠팡비즈\"}],null]}]}],[\"$\",\"li\",\"5\",{\"className\":\"gnb-menu-item\",\"children\":[\"$\",\"a\",null,{\"href\":\"https://www.coupang.com/np/coupangglobal\",\"className\":\"\",\"data-log\":\"{ id:'gnb_menu_item_GNB_V2', param:{sectionId:'coupangglobal'} }\",\"children\":[[\"$\",\"img\",null,{\"loading\":\"lazy\",\"className\":\"gnb-menu-item__icon\",\"alt\":\"로켓직구\",\"src\":\"https://image.coupangcdn.com/image/coupang/home/icons/web/kr/oversea-delivery.png\"}],[\"$\",\"span\",null,{\"children\":\"로켓직구\"}],null]}]}],[\"$\",\"li\",\"6\",{\"className\":\"gnb-menu-item\",\"children\":[\"$\",\"a\",null,{\"href\":\"https://pages.coupang.com/p/121237?sourceType=gm_crm_goldbox\u0026subSourceType=gm_crm_gwsrtcut\",\"className\":\"\",\"data-log\":\"{ id:'gnb_menu_item_GNB_V2', param:{sectionId:'gold_box'} }\",\"children\":[[\"$\",\"img\",null,{\"loading\":\"lazy\",\"className\":\"gnb-menu-item__icon\",\"alt\":\"골드박스\",\"src\":\"https://image.coupangcdn.com/image/coupang/home/icons/web/kr/gold-box.png\"}],[\"$\",\"span\",null,{\"children\":\"골드박스\"}],null]}]}],[\"$\",\"li\",\"7\",{\"className\":\"gnb-menu-item\",\"children\":[\"$\",\"a\",null,{\"href\":\"https://pages.coupang.com/p/136938\",\"className\":\"\",\"data-log\":\"{ id:'gnb_menu_item_GNB_V2', param:{sectionId:'NEW_ITEM'} }\",\"children\":[[\"$\",\"img\",null,{\"loading\":\"lazy\",\"className\":\"gnb-menu-item__icon\",\"alt\":\"이달의신상\",\"src\":\"https://image.coupangcdn.com/image/coupang/home/icons/web/kr/new-item-of-month.png\"}],[\"$\",\"span\",null,{\"children\":\"이달의신상\"}],null]}]}],[\"$\",\"li\",\"8\",{\"className\":\"gnb-menu-item\",\"children\":[\"$\",\"a\",null,{\"href\":\"https://www.coupang.com/np/omp\",\"className\":\"\",\"data-log\":\"{ id:'gnb_menu_item_GNB_V2', param:{sectionId:'OMP'} }\",\"children\":[\"$L55\",\"$L56\",null]}]}],\"$L57\",\"$L58\",\"$L59\",\"$L5a\",\"$L5b\",\"$L5c\",\"$L5d\"]}]}],\"$L5e\"]}]}]\n"])</script><script>self.__next_f.push([1,"4e:[\"$\",\"div\",null,{\"className\":\"fw-block fw-border-b-[1px] fw-border-t-[1px] fw-border-[#C4CDD5] fw-p-[10px] s1024:fw-hidden\",\"children\":[[\"$\",\"form\",null,{\"id\":\"wa-search-form-tablet\",\"action\":\"/np/search\",\"className\":\"product-search search-form fw-flex fw-flex-1 fw-items-center fw-border-0  fw-border-2 rlux:fw-border-bluegray-1000\",\"children\":[[\"$\",\"div\",null,{\"className\":\"select--category fw-w-[90px] s500:fw-w-[135px]\",\"children\":[[\"$\",\"span\",null,{\"className\":\"select--category--button\"}],[\"$\",\"a\",null,{\"className\":\"select--category__current rlux:fw-text-bluegray-800\",\"id\":\"currentCategoryText\",\"children\":\"전체\"}]]}],[\"$\",\"div\",null,{\"className\":\"header-searchForm fw-relative fw-flex-1\",\"children\":[[\"$\",\"input\",null,{\"type\":\"text\",\"defaultValue\":\"유산균\",\"maxLength\":49,\"placeholder\":\"찾고 싶은 상품을 검색해보세요!\",\"className\":\"headerSearchKeyword coupang-search fw-h-full fw-w-full fw-bg-white fw-indent-[10px] fw-text-[14px] fw-outline-none rlux:fw-text-bluegray-1000 rlux:placeholder:fw-text-bluegray-800\",\"name\":\"q\",\"title\":\"쿠팡 상품 검색\",\"autoComplete\":\"off\"}],[\"$\",\"input\",null,{\"type\":\"hidden\",\"name\":\"traceId\"}],[\"$\",\"div\",null,{\"className\":\"headerPopupWords popularity-words\",\"style\":{\"zIndex\":9999},\"children\":[[\"$\",\"div\",null,{\"className\":\"autocomplete_wrap\"}],[\"$\",\"div\",null,{\"className\":\"history-btns\",\"children\":[[\"$\",\"span\",null,{\"className\":\"delete-all-kwdhistory del-button\",\"children\":\"전체삭제\"}],[\"$\",\"span\",null,{\"className\":\"history-on-off on\",\"children\":\"최근검색어끄기\"}]]}]]}]]}],[\"$\",\"a\",null,{\"className\":\"speech-mic fw-mr-[12px] fw-hidden fw-flex-none fw-cursor-pointer\"}],[\"$\",\"button\",null,{\"type\":\"submit\",\"className\":\"headerSearchBtn fw-mr-[12px] fw-inline-block fw-flex-none\",\"title\":\"검색\",\"children\":[\"$\",\"img\",null,{\"loading\":\"lazy\",\"alt\":\"\",\"width\":20,\"height\":21,\"src\":\"https://front.coupangcdn.com/front-web-next/_next/static/media/search.85cd3dbf.png\"}]}],[\"$\",\"input\",null,{\"type\":\"hidden\",\"name\":\"channel\",\"value\":\"user\"}]]}],[\"$\",\"$L5f\",null,{\"className\":\"fw-block fw-overflow-auto fw-whitespace-nowrap fw-pl-[10px] fw-pt-[5px] s600:fw-hidden\",\"keywords\":\"$17:props:keywords\"}]]}]\n"])</script><script>self.__next_f.push([1,"4f:[\"$\",\"div\",null,{\"className\":\"fw-mt-[8px] fw-hidden fw-items-center fw-justify-between s768:fw-flex s1024:fw-hidden\",\"children\":[\"$\",\"div\",null,{\"id\":\"quick-category-tablet\",\"className\":\" gnb-menu-container fw-hidden fw-pl-[20px] s600:fw-block\",\"children\":[[\"$\",\"a\",null,{\"className\":\"gnb-menu-btn gnb-menu-btn-left\",\"tabIndex\":0,\"children\":[\"$\",\"span\",null,{}]}],[\"$\",\"div\",null,{\"className\":\"fw-w-0\",\"children\":[\"$\",\"ul\",null,{\"className\":\"gnb-menu-scroll\",\"children\":[[\"$\",\"li\",\"0\",{\"className\":\"gnb-menu-item\",\"children\":[\"$\",\"a\",null,{\"href\":\"https://www.coupangplay.com/catalog\",\"className\":\"\",\"data-log\":\"{ id:'gnb_menu_item_GNB_V2', param:{sectionId:'coupangplay'} }\",\"target\":\"_blank\",\"children\":[[\"$\",\"img\",null,{\"loading\":\"lazy\",\"className\":\"gnb-menu-item__icon\",\"alt\":\"쿠팡플레이\",\"src\":\"https://image.coupangcdn.com/image/coupang/home/icons/web/kr/coupang-play.png\"}],[\"$\",\"span\",null,{\"children\":\"쿠팡플레이\"}],null]}]}],[\"$\",\"li\",\"1\",{\"className\":\"gnb-menu-item\",\"children\":[\"$\",\"a\",null,{\"href\":\"https://www.coupang.com/np/campaigns/82\",\"className\":\"\",\"data-log\":\"{ id:'gnb_menu_item_GNB_V2', param:{sectionId:'rocketdelivery'} }\",\"children\":[[\"$\",\"img\",null,{\"loading\":\"lazy\",\"className\":\"gnb-menu-item__icon\",\"alt\":\"로켓배송\",\"src\":\"https://image.coupangcdn.com/image/coupang/home/icons/web/kr/rocket-delivery.png\"}],[\"$\",\"span\",null,{\"children\":\"로켓배송\"}],null]}]}],[\"$\",\"li\",\"2\",{\"className\":\"gnb-menu-item\",\"children\":[\"$\",\"a\",null,{\"href\":\"https://www.coupang.com/np/categories/393760\",\"className\":\"\",\"data-log\":\"{ id:'gnb_menu_item_GNB_V2', param:{sectionId:'rocketfresh'} }\",\"children\":[[\"$\",\"img\",null,{\"loading\":\"lazy\",\"className\":\"gnb-menu-item__icon\",\"alt\":\"로켓프레시\",\"src\":\"https://image.coupangcdn.com/image/coupang/home/icons/web/kr/rocket-fresh.png\"}],[\"$\",\"span\",null,{\"children\":\"로켓프레시\"}],null]}]}],[\"$\",\"li\",\"3\",{\"className\":\"gnb-menu-item\",\"children\":[\"$\",\"a\",null,{\"href\":\"https://www.coupang.com/np/fbi?sourceType=home_section_fbi\",\"className\":\"\",\"data-log\":\"{ id:'gnb_menu_item_GNB_V2', param:{sectionId:'frequent_buy_item'} }\",\"children\":[[\"$\",\"img\",null,{\"loading\":\"lazy\",\"className\":\"gnb-menu-item__icon\",\"alt\":\"다시 구매\",\"src\":\"https://image.coupangcdn.com/image/coupang/common/fbi_icon_3x.png\"}],[\"$\",\"span\",null,{\"children\":\"다시 구매\"}],[\"$\",\"i\",null,{\"className\":\"in in-exposure\",\"data-new-tag-exposure-mills\":2592000000}]]}]}],[\"$\",\"li\",\"4\",{\"className\":\"gnb-menu-item\",\"children\":[\"$\",\"a\",null,{\"href\":\"https://login.coupang.com/corporation/member/landing-page\",\"className\":\"\",\"data-log\":\"{ id:'gnb_menu_item_GNB_V2', param:{sectionId:'businessmall_landing'} }\",\"children\":[[\"$\",\"img\",null,{\"loading\":\"lazy\",\"className\":\"gnb-menu-item__icon\",\"alt\":\"쿠팡비즈\",\"src\":\"https://image.coupangcdn.com/image/coupang/home/icons/web/kr/biz.png\"}],[\"$\",\"span\",null,{\"children\":\"쿠팡비즈\"}],null]}]}],[\"$\",\"li\",\"5\",{\"className\":\"gnb-menu-item\",\"children\":[\"$\",\"a\",null,{\"href\":\"https://www.coupang.com/np/coupangglobal\",\"className\":\"\",\"data-log\":\"{ id:'gnb_menu_item_GNB_V2', param:{sectionId:'coupangglobal'} }\",\"children\":[[\"$\",\"img\",null,{\"loading\":\"lazy\",\"className\":\"gnb-menu-item__icon\",\"alt\":\"로켓직구\",\"src\":\"https://image.coupangcdn.com/image/coupang/home/icons/web/kr/oversea-delivery.png\"}],[\"$\",\"span\",null,{\"children\":\"로켓직구\"}],null]}]}],[\"$\",\"li\",\"6\",{\"className\":\"gnb-menu-item\",\"children\":[\"$\",\"a\",null,{\"href\":\"https://pages.coupang.com/p/121237?sourceType=gm_crm_goldbox\u0026subSourceType=gm_crm_gwsrtcut\",\"className\":\"\",\"data-log\":\"{ id:'gnb_menu_item_GNB_V2', param:{sectionId:'gold_box'} }\",\"children\":[[\"$\",\"img\",null,{\"loading\":\"lazy\",\"className\":\"gnb-menu-item__icon\",\"alt\":\"골드박스\",\"src\":\"https://image.coupangcdn.com/image/coupang/home/icons/web/kr/gold-box.png\"}],[\"$\",\"span\",null,{\"children\":\"골드박스\"}],null]}]}],[\"$\",\"li\",\"7\",{\"className\":\"gnb-menu-item\",\"children\":[\"$\",\"a\",null,{\"href\":\"https://pages.coupang.com/p/136938\",\"className\":\"\",\"data-log\":\"{ id:'gnb_menu_item_GNB_V2', param:{sectionId:'NEW_ITEM'} }\",\"children\":[[\"$\",\"img\",null,{\"loading\":\"lazy\",\"className\":\"gnb-menu-item__icon\",\"alt\":\"이달의신상\",\"src\":\"https://image.coupangcdn.com/image/coupang/home/icons/web/kr/new-item-of-month.png\"}],[\"$\",\"span\",null,{\"children\":\"이달의신상\"}],null]}]}],[\"$\",\"li\",\"8\",{\"className\":\"gnb-menu-item\",\"children\":[\"$\",\"a\",null,{\"href\":\"https://www.coupang.com/np/omp\",\"className\":\"\",\"data-log\":\"{ id:'gnb_menu_item_GNB_V2', param:{sectionId:'OMP'} }\",\"children\":[\"$L60\",\"$L61\",null]}]}],\"$L62\",\"$L63\",\"$L64\",\"$L65\",\"$L66\",\"$L67\",\"$L68\"]}]}],\"$L69\"]}]}]\n"])</script><script>self.__next_f.push([1,"50:[\"$\",\"div\",null,{\"className\":\"fw-mx-auto fw-mb-[20px] fw-mt-[15px] fw-hidden fw-border-b-[1px] fw-border-b-[#ddd] s768:fw-block s1500:fw-max-w-[1300px]\"}]\n51:[\"$\",\"div\",null,{\"className\":\"fw-mx-auto fw-mb-[16px] fw-max-w-[1300px] fw-flex-wrap fw-items-center fw-justify-start fw-gap-[8px] fw-px-[14px] fw-text-[11px] fw-text-[#768695] fw-flex s768:fw-justify-center\",\"children\":[[\"$\",\"div\",null,{\"children\":[\"$\",\"img\",null,{\"alt\":\"\",\"loading\":\"lazy\",\"src\":\"https://front.coupangcdn.com/front-web-next/_next/static/media/5.73affd35.png\",\"width\":89,\"height\":36}]}],[\"$\",\"div\",null,{\"children\":[\"$\",\"img\",null,{\"alt\":\"\",\"loading\":\"lazy\",\"src\":\"https://front.coupangcdn.com/front-web-next/_next/static/media/6.901d77a5.png\",\"width\":55,\"height\":36}]}]]}]\n"])</script><script>self.__next_f.push([1,"52:[\"$\",\"div\",null,{\"className\":\"footer-layer4\",\"children\":[\"$\",\"div\",null,{\"className\":\"coupang-copyright fw-mx-auto fw-flex fw-max-w-[968px] fw-items-center fw-justify-between fw-gap-[20px] max-s768:fw-flex-col max-s768:fw-items-start max-s768:fw-gap-[10px]\",\"children\":[[\"$\",\"p\",null,{\"className\":\"info\",\"children\":[\"사이버몰 내 판매되는 상품 중에는 쿠팡에 등록한 개별 판매자가 판매하는                마켓플레이스(오픈마켓) 상품이 포함되어 있습니다. \",[\"$\",\"br\",\"br1\",{}],\"                마켓플레이스(오픈마켓) 상품의 경우 쿠팡은 통신판매중개자이며 통신판매의 당사자가                아닙니다. \",[\"$\",\"br\",\"br2\",{}],\" 쿠팡은 마켓플레이스(오픈마켓) 상품, 거래정보 및 거래 등에 대하여                책임을 지지 않습니다. \",[\"$\",\"br\",\"br3\",{}],\"                쿠팡은 소비자 보호와 안전거래를 위해 신뢰관리센터(CM112@coupang.com)를 운영하고                있으며, 관련 분쟁이 발생할 경우 별도의 분쟁 처리절차에 의거 분쟁이 처리됩니다.                \",[\"$\",\"br\",\"br4\",{}],\" Copyright © Coupang Corp. 2010-2025 All Rights Reserved.\"]}],[\"$\",\"ul\",null,{\"className\":\"sns-link fw-flex\",\"children\":[[\"$\",\"li\",null,{\"children\":[\"$\",\"a\",null,{\"href\":\"https://www.facebook.com/Coupang.korea\",\"target\":\"_blank\",\"className\":\"facebook\",\"children\":[\"$\",\"img\",null,{\"loading\":\"lazy\",\"src\":\"https://front.coupangcdn.com/front-web-next/_next/static/media/f.34bde318.png\",\"alt\":\"\",\"width\":30,\"height\":30}]}]}],[\"$\",\"li\",null,{\"children\":[\"$\",\"a\",null,{\"href\":\"https://news.coupang.com/\",\"target\":\"_blank\",\"className\":\"blog\",\"children\":[\"$\",\"img\",null,{\"loading\":\"lazy\",\"src\":\"https://front.coupangcdn.com/front-web-next/_next/static/media/b.637cda1c.png\",\"className\":\"fw-rounded-full\",\"alt\":\"\",\"width\":30,\"height\":30}]}]}],[\"$\",\"li\",null,{\"children\":[\"$\",\"a\",null,{\"href\":\"https://www.instagram.com/coupang\",\"target\":\"_blank\",\"className\":\"instagram\",\"children\":[\"$\",\"img\",null,{\"src\":\"https://front.coupangcdn.com/front-web-next/_next/static/media/s.a7aca4ea.png\",\"alt\":\"\",\"loading\":\"lazy\",\"className\":\"fw-rounded-full fw-bg-white\",\"width\":30,\"height\":30}]}]}]]}]]}]}]\n"])</script><script>self.__next_f.push([1,"53:[\"$\",\"$L6a\",null,{\"id\":\"init-web-adapter\",\"strategy\":\"afterInteractive\",\"children\":\"\\n                if (window['__web_adapter_queue__']) {\\n          window['__web_adapter_queue__'].forEach(f=\u003ef()); \\n              }\\n        \"}]\n54:[\"$\",\"$L6a\",\"0\",{\"id\":\"seo-js-sdk\",\"strategy\":\"lazyOnload\",\"data-seo-rule\":\"{\\\"enabled\\\":true,\\\"cookieEnabled\\\":false,\\\"sdkVersion\\\":\\\"1.0.2\\\"}\",\"src\":\"https://assets.coupangcdn.com/customjs/seo-js-sdk/1.0.2/seo-js-sdk.umd.min.js\"}]\n"])</script><script>self.__next_f.push([1,"44:[\"$\",\"$L6b\",null,{\"controlClassName\":\"$undefined\",\"relatedKeywords\":[\"$\",\"$L5f\",null,{\"className\":\"fw-pl-[10px] fw-pt-[5px]\",\"keywords\":\"$17:props:keywords\"}],\"children\":[\"$\",\"form\",null,{\"id\":\"wa-sticky-search\",\"action\":\"/np/search\",\"className\":\"product-search search-form fw-flex fw-flex-1 fw-items-center fw-border-0  fw-border-2 rlux:fw-border-bluegray-1000\",\"children\":[[\"$\",\"div\",null,{\"className\":\"select--category fw-w-[90px] s500:fw-w-[135px]\",\"children\":[[\"$\",\"span\",null,{\"className\":\"select--category--button\"}],[\"$\",\"a\",null,{\"className\":\"select--category__current rlux:fw-text-bluegray-800\",\"id\":\"currentCategoryText\",\"children\":\"전체\"}]]}],[\"$\",\"div\",null,{\"className\":\"header-searchForm fw-relative fw-flex-1\",\"children\":[[\"$\",\"input\",null,{\"type\":\"text\",\"defaultValue\":\"유산균\",\"maxLength\":49,\"placeholder\":\"찾고 싶은 상품을 검색해보세요!\",\"className\":\"headerSearchKeyword coupang-search fw-h-full fw-w-full fw-bg-white fw-indent-[10px] fw-text-[14px] fw-outline-none rlux:fw-text-bluegray-1000 rlux:placeholder:fw-text-bluegray-800\",\"name\":\"q\",\"title\":\"쿠팡 상품 검색\",\"autoComplete\":\"off\"}],[\"$\",\"input\",null,{\"type\":\"hidden\",\"name\":\"traceId\"}],[\"$\",\"div\",null,{\"className\":\"headerPopupWords popularity-words\",\"style\":{\"zIndex\":9999},\"children\":[[\"$\",\"div\",null,{\"className\":\"autocomplete_wrap\"}],[\"$\",\"div\",null,{\"className\":\"history-btns\",\"children\":[[\"$\",\"span\",null,{\"className\":\"delete-all-kwdhistory del-button\",\"children\":\"전체삭제\"}],[\"$\",\"span\",null,{\"className\":\"history-on-off on\",\"children\":\"최근검색어끄기\"}]]}]]}]]}],[\"$\",\"a\",null,{\"className\":\"speech-mic fw-mr-[12px] fw-hidden fw-flex-none fw-cursor-pointer\"}],[\"$\",\"button\",null,{\"type\":\"submit\",\"className\":\"headerSearchBtn fw-mr-[12px] fw-inline-block fw-flex-none\",\"title\":\"검색\",\"children\":[\"$\",\"img\",null,{\"loading\":\"lazy\",\"alt\":\"\",\"width\":20,\"height\":21,\"src\":\"https://front.coupangcdn.com/front-web-next/_next/static/media/search.85cd3dbf.png\"}]}],[\"$\",\"input\",null,{\"type\":\"hidden\",\"name\":\"channel\",\"value\":\"user\"}]]}]}]\n"])</script><script>self.__next_f.push([1,"55:[\"$\",\"img\",null,{\"loading\":\"lazy\",\"className\":\"gnb-menu-item__icon\",\"alt\":\"판매자특가\",\"src\":\"https://image.coupangcdn.com/image/coupang/home/icons/web/kr/omp.png\"}]\n56:[\"$\",\"span\",null,{\"children\":\"판매자특가\"}]\n57:[\"$\",\"li\",\"9\",{\"className\":\"gnb-menu-item\",\"children\":[\"$\",\"a\",null,{\"href\":\"https://www.coupang.com/np/campaigns/83\",\"className\":\"\",\"data-log\":\"{ id:'gnb_menu_item_GNB_V2', param:{sectionId:'subscription'} }\",\"children\":[[\"$\",\"img\",null,{\"loading\":\"lazy\",\"className\":\"gnb-menu-item__icon\",\"alt\":\"와우회원할인\",\"src\":\"https://image.coupangcdn.com/image/coupang/home/icons/web/kr/wow.png\"}],[\"$\",\"span\",null,{\"children\":\"와우회원할인\"}],null]}]}]\n58:[\"$\",\"li\",\"10\",{\"className\":\"gnb-menu-item\",\"children\":[\"$\",\"a\",null,{\"href\":\"https://www.coupang.com/np/coupangbenefit\",\"className\":\"\",\"data-log\":\"{ id:'gnb_menu_item_GNB_V2', param:{sectionId:'coupangbenefit'} }\",\"children\":[[\"$\",\"img\",null,{\"loading\":\"lazy\",\"className\":\"gnb-menu-item__icon\",\"alt\":\"이벤트/쿠폰\",\"src\":\"https://image.coupangcdn.com/image/coupang/home/icons/web/kr/benefit.png\"}],[\"$\",\"span\",null,{\"children\":\"이벤트/쿠폰\"}],null]}]}]\n59:[\"$\",\"li\",\"11\",{\"className\":\"gnb-menu-item\",\"children\":[\"$\",\"a\",null,{\"href\":\"https://pages.coupang.com/p/54908\",\"className\":\"\",\"data-log\":\"{ id:'gnb_menu_item_GNB_V2', param:{sectionId:'WAREHOUSE'} }\",\"children\":[[\"$\",\"img\",null,{\"loading\":\"lazy\",\"className\":\"gnb-menu-item__icon\",\"alt\":\"반품마켓\",\"src\":\"https://image.coupangcdn.com/image/coupang/home/icons/web/kr/returned-market.png\"}],[\"$\",\"span\",null,{\"children\":\"반품마켓\"}],null]}]}]\n5a:[\"$\",\"li\",\"12\",{\"className\":\"gnb-menu-item\",\"children\":[\"$\",\"a\",null,{\"href\":\"https://pages.coupang.com/p/63240\",\"className\":\"\",\"data-log\":\"{ id:'gnb_menu_item_GNB_V2', param:{sectionId:'GOOD_MARKET'} }\",\"children\":[[\"$\",\"img\",null,{\"loading\":\"lazy\",\"className\":\"gnb-menu-item__icon\",\"alt\":\"착한상점\",\"src\":\"https://image.coupangcdn.com/image/coupang/home/icons/web/kr/sustainable-market.png\"}],[\"$\",\"span\",null,{\"children\":\"착한상"])</script><script>self.__next_f.push([1,"점\"}],[\"$\",\"i\",null,{\"className\":\"in \",\"data-new-tag-exposure-mills\":\"0\"}]]}]}]\n5b:[\"$\",\"li\",\"13\",{\"className\":\"gnb-menu-item\",\"children\":[\"$\",\"a\",null,{\"href\":\"https://pages.coupang.com/p/bep?sourceType=gm_crm_oms\u0026subSourceType=gm_crm_gwsrtcut\",\"className\":\"\",\"data-log\":\"{ id:'gnb_menu_item_GNB_V2', param:{sectionId:'exhibition'} }\",\"children\":[[\"$\",\"img\",null,{\"loading\":\"lazy\",\"className\":\"gnb-menu-item__icon\",\"alt\":\"기획전\",\"src\":\"https://image.coupangcdn.com/image/coupang/home/icons/web/kr/event.png\"}],[\"$\",\"span\",null,{\"children\":\"기획전\"}],null]}]}]\n5c:[\"$\",\"li\",\"14\",{\"className\":\"gnb-menu-item\",\"children\":[\"$\",\"a\",null,{\"href\":\"https://trip.coupang.com/?channel=gnb\",\"className\":\"\",\"data-log\":\"{ id:'gnb_menu_item_GNB_V2', param:{sectionId:'TRAVEL'} }\",\"children\":[[\"$\",\"img\",null,{\"loading\":\"lazy\",\"className\":\"gnb-menu-item__icon\",\"alt\":\"쿠팡트래블\",\"src\":\"https://image.coupangcdn.com/image/coupang/home/icons/web/kr/travel.png\"}],[\"$\",\"span\",null,{\"children\":\"쿠팡트래블\"}],[\"$\",\"i\",null,{\"className\":\"in \",\"data-new-tag-exposure-mills\":\"0\"}]]}]}]\n5d:[\"$\",\"li\",\"15\",{\"className\":\"gnb-menu-item\",\"children\":[\"$\",\"a\",null,{\"href\":\"https://wing.coupang.com/tenants/vendor-signup/signup?utm_source=button_pc_coupang_shortcut_1\u0026utm_medium=non_paid\u0026utm_id=onsite_ca\u0026utm_content=202411\",\"className\":\"\",\"data-log\":\"{ id:'gnb_menu_item_GNB_V2', param:{sectionId:'SELL_ON_COUPANG'} }\",\"children\":[[\"$\",\"img\",null,{\"loading\":\"lazy\",\"className\":\"gnb-menu-item__icon\",\"alt\":\"입점신청\",\"src\":\"https://image.coupangcdn.com/image/coupang/home/icons/web/kr/sell-on-coupang.png\"}],[\"$\",\"span\",null,{\"children\":\"입점신청\"}],null]}]}]\n5e:[\"$\",\"a\",null,{\"className\":\"gnb-menu-btn gnb-menu-btn-right gnb-menu-btn-active\",\"tabIndex\":0,\"children\":[\"$\",\"span\",null,{}]}]\n60:[\"$\",\"img\",null,{\"loading\":\"lazy\",\"className\":\"gnb-menu-item__icon\",\"alt\":\"판매자특가\",\"src\":\"https://image.coupangcdn.com/image/coupang/home/icons/web/kr/omp.png\"}]\n61:[\"$\",\"span\",null,{\"children\":\"판매자특가\"}]\n62:[\"$\",\"li\",\"9\",{\"className\":\"g"])</script><script>self.__next_f.push([1,"nb-menu-item\",\"children\":[\"$\",\"a\",null,{\"href\":\"https://www.coupang.com/np/campaigns/83\",\"className\":\"\",\"data-log\":\"{ id:'gnb_menu_item_GNB_V2', param:{sectionId:'subscription'} }\",\"children\":[[\"$\",\"img\",null,{\"loading\":\"lazy\",\"className\":\"gnb-menu-item__icon\",\"alt\":\"와우회원할인\",\"src\":\"https://image.coupangcdn.com/image/coupang/home/icons/web/kr/wow.png\"}],[\"$\",\"span\",null,{\"children\":\"와우회원할인\"}],null]}]}]\n63:[\"$\",\"li\",\"10\",{\"className\":\"gnb-menu-item\",\"children\":[\"$\",\"a\",null,{\"href\":\"https://www.coupang.com/np/coupangbenefit\",\"className\":\"\",\"data-log\":\"{ id:'gnb_menu_item_GNB_V2', param:{sectionId:'coupangbenefit'} }\",\"children\":[[\"$\",\"img\",null,{\"loading\":\"lazy\",\"className\":\"gnb-menu-item__icon\",\"alt\":\"이벤트/쿠폰\",\"src\":\"https://image.coupangcdn.com/image/coupang/home/icons/web/kr/benefit.png\"}],[\"$\",\"span\",null,{\"children\":\"이벤트/쿠폰\"}],null]}]}]\n64:[\"$\",\"li\",\"11\",{\"className\":\"gnb-menu-item\",\"children\":[\"$\",\"a\",null,{\"href\":\"https://pages.coupang.com/p/54908\",\"className\":\"\",\"data-log\":\"{ id:'gnb_menu_item_GNB_V2', param:{sectionId:'WAREHOUSE'} }\",\"children\":[[\"$\",\"img\",null,{\"loading\":\"lazy\",\"className\":\"gnb-menu-item__icon\",\"alt\":\"반품마켓\",\"src\":\"https://image.coupangcdn.com/image/coupang/home/icons/web/kr/returned-market.png\"}],[\"$\",\"span\",null,{\"children\":\"반품마켓\"}],null]}]}]\n65:[\"$\",\"li\",\"12\",{\"className\":\"gnb-menu-item\",\"children\":[\"$\",\"a\",null,{\"href\":\"https://pages.coupang.com/p/63240\",\"className\":\"\",\"data-log\":\"{ id:'gnb_menu_item_GNB_V2', param:{sectionId:'GOOD_MARKET'} }\",\"children\":[[\"$\",\"img\",null,{\"loading\":\"lazy\",\"className\":\"gnb-menu-item__icon\",\"alt\":\"착한상점\",\"src\":\"https://image.coupangcdn.com/image/coupang/home/icons/web/kr/sustainable-market.png\"}],[\"$\",\"span\",null,{\"children\":\"착한상점\"}],[\"$\",\"i\",null,{\"className\":\"in \",\"data-new-tag-exposure-mills\":\"0\"}]]}]}]\n66:[\"$\",\"li\",\"13\",{\"className\":\"gnb-menu-item\",\"children\":[\"$\",\"a\",null,{\"href\":\"https://pages.coupang.com/p/bep?sourceType=gm_crm_oms\u0026subSourceType=gm_crm_gwsrtcut\",\"className\":"])</script><script>self.__next_f.push([1,"\"\",\"data-log\":\"{ id:'gnb_menu_item_GNB_V2', param:{sectionId:'exhibition'} }\",\"children\":[[\"$\",\"img\",null,{\"loading\":\"lazy\",\"className\":\"gnb-menu-item__icon\",\"alt\":\"기획전\",\"src\":\"https://image.coupangcdn.com/image/coupang/home/icons/web/kr/event.png\"}],[\"$\",\"span\",null,{\"children\":\"기획전\"}],null]}]}]\n67:[\"$\",\"li\",\"14\",{\"className\":\"gnb-menu-item\",\"children\":[\"$\",\"a\",null,{\"href\":\"https://trip.coupang.com/?channel=gnb\",\"className\":\"\",\"data-log\":\"{ id:'gnb_menu_item_GNB_V2', param:{sectionId:'TRAVEL'} }\",\"children\":[[\"$\",\"img\",null,{\"loading\":\"lazy\",\"className\":\"gnb-menu-item__icon\",\"alt\":\"쿠팡트래블\",\"src\":\"https://image.coupangcdn.com/image/coupang/home/icons/web/kr/travel.png\"}],[\"$\",\"span\",null,{\"children\":\"쿠팡트래블\"}],[\"$\",\"i\",null,{\"className\":\"in \",\"data-new-tag-exposure-mills\":\"0\"}]]}]}]\n68:[\"$\",\"li\",\"15\",{\"className\":\"gnb-menu-item\",\"children\":[\"$\",\"a\",null,{\"href\":\"https://wing.coupang.com/tenants/vendor-signup/signup?utm_source=button_pc_coupang_shortcut_1\u0026utm_medium=non_paid\u0026utm_id=onsite_ca\u0026utm_content=202411\",\"className\":\"\",\"data-log\":\"{ id:'gnb_menu_item_GNB_V2', param:{sectionId:'SELL_ON_COUPANG'} }\",\"children\":[[\"$\",\"img\",null,{\"loading\":\"lazy\",\"className\":\"gnb-menu-item__icon\",\"alt\":\"입점신청\",\"src\":\"https://image.coupangcdn.com/image/coupang/home/icons/web/kr/sell-on-coupang.png\"}],[\"$\",\"span\",null,{\"children\":\"입점신청\"}],null]}]}]\n69:[\"$\",\"a\",null,{\"className\":\"gnb-menu-btn gnb-menu-btn-right gnb-menu-btn-active\",\"tabIndex\":0,\"children\":[\"$\",\"span\",null,{}]}]\n"])</script><script type="text/javascript" src="/Py3CK6xJNeM8z1Jau5by/1XEaNwDEG1buLhJ9aJ/DUgiAQ/Hl58Tk/QiS0s"></script><script type="text/javascript" src="/Py3CK6xJNeM8z1Jau5by/QtEaNwDEG1bu/ADwoAQ/IBdtNx/52JB5qAQ?v=14935efc-f87b-e131-eff7-2d38cab1172c" defer=""></script><div></div><script id="init-web-adapter" data-nscript="afterInteractive">
                if (window['__web_adapter_queue__']) {
          window['__web_adapter_queue__'].forEach(f=>f()); 
              }
        </script><iframe src="https://www.coupang.com/n-api/web-adapter/proxy" width="1" height="1" hidden="" aria-hidden=""></iframe><next-route-announcer style="position: absolute;"></next-route-announcer><script src="https://assets.coupangcdn.com/customjs/seo-js-sdk/1.0.2/seo-js-sdk.umd.min.js" id="seo-js-sdk" data-seo-rule="{&quot;enabled&quot;:true,&quot;cookieEnabled&quot;:false,&quot;sdkVersion&quot;:&quot;1.0.2&quot;}" data-nscript="lazyOnload"></script></body></html>